%YAML 1.1
%TAG !u! tag:unity3d.com,2011:
--- !u!1 &2486714109265024152
GameObject:
  m_ObjectHideFlags: 0
  m_CorrespondingSourceObject: {fileID: 0}
  m_PrefabInstance: {fileID: 0}
  m_PrefabAsset: {fileID: 0}
  serializedVersion: 6
  m_Component:
  - component: {fileID: 2986031951153835195}
  - component: {fileID: 2189703929051096607}
  m_Layer: 0
  m_Name: Visuals
  m_TagString: Untagged
  m_Icon: {fileID: 0}
  m_NavMeshLayer: 0
  m_StaticEditorFlags: 0
  m_IsActive: 1
--- !u!4 &2986031951153835195
Transform:
  m_ObjectHideFlags: 0
  m_CorrespondingSourceObject: {fileID: 0}
  m_PrefabInstance: {fileID: 0}
  m_PrefabAsset: {fileID: 0}
  m_GameObject: {fileID: 2486714109265024152}
  m_LocalRotation: {x: 0, y: 0, z: 0, w: 1}
  m_LocalPosition: {x: 0, y: 0, z: 0}
  m_LocalScale: {x: 1, y: 1, z: 1}
  m_Children: []
  m_Father: {fileID: 1816874440819316622}
  m_RootOrder: 0
  m_LocalEulerAnglesHint: {x: 0, y: 0, z: 0}
--- !u!114 &2189703929051096607
MonoBehaviour:
  m_ObjectHideFlags: 0
  m_CorrespondingSourceObject: {fileID: 0}
  m_PrefabInstance: {fileID: 0}
  m_PrefabAsset: {fileID: 0}
  m_GameObject: {fileID: 2486714109265024152}
  m_Enabled: 1
  m_EditorHideFlags: 0
  m_Script: {fileID: 11500000, guid: 840258227dd00ef4ca3a7d3bb2bea382, type: 3}
  m_Name: 
  m_EditorClassIdentifier: 
  m_prefabData:
    UseConfig: 0
    PrefabGO: {fileID: 1209387806574436748, guid: d541143f6e931b84a87a0b1b9409ab5a,
      type: 3}
    PrefabAsset: {fileID: 0}
  m_parentAfterSpawn: 1
  ApplyScale: 1
--- !u!1 &3247017812647360317
GameObject:
  m_ObjectHideFlags: 0
  m_CorrespondingSourceObject: {fileID: 0}
  m_PrefabInstance: {fileID: 0}
  m_PrefabAsset: {fileID: 0}
  serializedVersion: 6
  m_Component:
  - component: {fileID: 1816874440819316622}
  - component: {fileID: 8200932304458115465}
  - component: {fileID: 2488155744635030357}
  - component: {fileID: 3092692862734911242}
  - component: {fileID: 2669226729698435873}
  - component: {fileID: 1912211860030817496}
  m_Layer: 0
  m_Name: ElevatorWithGridHole
  m_TagString: Untagged
  m_Icon: {fileID: 0}
  m_NavMeshLayer: 0
  m_StaticEditorFlags: 0
  m_IsActive: 1
--- !u!4 &1816874440819316622
Transform:
  m_ObjectHideFlags: 0
  m_CorrespondingSourceObject: {fileID: 0}
  m_PrefabInstance: {fileID: 0}
  m_PrefabAsset: {fileID: 0}
  m_GameObject: {fileID: 3247017812647360317}
  m_LocalRotation: {x: 0, y: 0, z: 0, w: 1}
  m_LocalPosition: {x: 0, y: 0, z: 0}
  m_LocalScale: {x: 1, y: 1, z: 1}
  m_Children:
  - {fileID: 2986031951153835195}
  - {fileID: 7322463974770791813}
  - {fileID: 362078530093910956}
  m_Father: {fileID: 0}
  m_RootOrder: 0
  m_LocalEulerAnglesHint: {x: 0, y: 0, z: 0}
--- !u!114 &8200932304458115465
MonoBehaviour:
  m_ObjectHideFlags: 0
  m_CorrespondingSourceObject: {fileID: 0}
  m_PrefabInstance: {fileID: 0}
  m_PrefabAsset: {fileID: 0}
  m_GameObject: {fileID: 3247017812647360317}
  m_Enabled: 1
  m_EditorHideFlags: 0
  m_Script: {fileID: 11500000, guid: 80e428ac12b543c4e8b8868dc14a060f, type: 3}
  m_Name: 
  m_EditorClassIdentifier: 
  m_elevatorMove: {fileID: 0}
  m_elevatorSurfaceVisuals: {fileID: 2189703929051096607}
--- !u!54 &2488155744635030357
Rigidbody:
  m_ObjectHideFlags: 0
  m_CorrespondingSourceObject: {fileID: 0}
  m_PrefabInstance: {fileID: 0}
  m_PrefabAsset: {fileID: 0}
  m_GameObject: {fileID: 3247017812647360317}
  serializedVersion: 2
  m_Mass: 1
  m_Drag: 0
  m_AngularDrag: 0.05
  m_UseGravity: 0
  m_IsKinematic: 1
  m_Interpolate: 0
  m_Constraints: 0
  m_CollisionDetection: 0
--- !u!114 &3092692862734911242
MonoBehaviour:
  m_ObjectHideFlags: 0
  m_CorrespondingSourceObject: {fileID: 0}
  m_PrefabInstance: {fileID: 0}
  m_PrefabAsset: {fileID: 0}
  m_GameObject: {fileID: 3247017812647360317}
  m_Enabled: 1
  m_EditorHideFlags: 0
  m_Script: {fileID: 11500000, guid: 58731293236dd63408b891c3507e90ea, type: 3}
  m_Name: 
  m_EditorClassIdentifier: 
  m_listeners:
    initialListenerList: []
    useDefaultListeners: 1
  isEnvironmentAware: 1
  isStaticObject: 0
  m_positionOffsetData:
    KeepMe: 0
    positionOffset: {x: 0, y: 0, z: 0}
  m_posOffsetData: {fileID: 0}
  listenerMask: 1
--- !u!114 &2669226729698435873
MonoBehaviour:
  m_ObjectHideFlags: 0
  m_CorrespondingSourceObject: {fileID: 0}
  m_PrefabInstance: {fileID: 0}
  m_PrefabAsset: {fileID: 0}
  m_GameObject: {fileID: 3247017812647360317}
  m_Enabled: 1
  m_EditorHideFlags: 0
  m_Script: {fileID: 11500000, guid: c6bd367c9321cdd40b5acddcaab1f477, type: 3}
  m_Name: 
  m_EditorClassIdentifier: 
  triggerList: ae8d9d44
  useOtherObject: 0
  actionOnEventType: 0
  curveInterpolation: 4
  enableActionOnEvent: 0
  data:
    idInternal: 0
    valueGuidInternal: 
    WwiseObjectReference: {fileID: 11400000, guid: 0de3a22e718deed4ebb1c0f2f272d447,
      type: 2}
  useCallbacks: 0
  Callbacks: []
  playingId: 0
  soundEmitterObject: {fileID: 0}
  transitionDuration: 0
  eventIdInternal: 0
  valueGuidInternal: 
  m_callbackDataInternal: {fileID: 0}
  MultiPositionType: 1
  multiPositionTypeLabel: 0
  LargeModePositions: []
  multiPositionArray: []
--- !u!114 &1912211860030817496
MonoBehaviour:
  m_ObjectHideFlags: 0
  m_CorrespondingSourceObject: {fileID: 0}
  m_PrefabInstance: {fileID: 0}
  m_PrefabAsset: {fileID: 0}
  m_GameObject: {fileID: 3247017812647360317}
  m_Enabled: 1
  m_EditorHideFlags: 0
  m_Script: {fileID: 11500000, guid: ddd00252ded37804b8f8584b3766ae93, type: 3}
  m_Name: 
  m_EditorClassIdentifier: 
  ID:
    UniqueLayoutIdx: 0
    Index: {x: 0, y: 0, z: -1}
  Variant: 1
  EnemySpawnerAttachments:
  - Side: 0
    AttachmentPos: {fileID: 1816874440819316622}
  - Side: 1
    AttachmentPos: {fileID: 1816874440819316622}
  - Side: 2
    AttachmentPos: {fileID: 1816874440819316622}
  - Side: 3
    AttachmentPos: {fileID: 1816874440819316622}
  m_highlightBorders: []
  m_onAddToPlatform:
    m_PersistentCalls:
      m_Calls: []
  m_fencesPrefab: {fileID: 0}
  OnPlatformAttachments: []
--- !u!1 &6518432986506568016
GameObject:
  m_ObjectHideFlags: 0
  m_CorrespondingSourceObject: {fileID: 0}
  m_PrefabInstance: {fileID: 0}
  m_PrefabAsset: {fileID: 0}
  serializedVersion: 6
  m_Component:
  - component: {fileID: 7322463974770791813}
  - component: {fileID: 851626626514114284}
  - component: {fileID: 818868526590306949}
  m_Layer: 10
  m_Name: Collider
  m_TagString: Untagged
  m_Icon: {fileID: 0}
  m_NavMeshLayer: 0
  m_StaticEditorFlags: 0
  m_IsActive: 1
--- !u!4 &7322463974770791813
Transform:
  m_ObjectHideFlags: 0
  m_CorrespondingSourceObject: {fileID: 0}
  m_PrefabInstance: {fileID: 0}
  m_PrefabAsset: {fileID: 0}
  m_GameObject: {fileID: 6518432986506568016}
  m_LocalRotation: {x: -0.7071068, y: 0, z: 0, w: 0.7071068}
  m_LocalPosition: {x: 0, y: -1, z: 0}
  m_LocalScale: {x: 10, y: 10, z: 1}
  m_Children: []
  m_Father: {fileID: 1816874440819316622}
  m_RootOrder: 1
  m_LocalEulerAnglesHint: {x: -90, y: 0, z: 0}
--- !u!64 &851626626514114284
MeshCollider:
  m_ObjectHideFlags: 0
  m_CorrespondingSourceObject: {fileID: 0}
  m_PrefabInstance: {fileID: 0}
  m_PrefabAsset: {fileID: 0}
  m_GameObject: {fileID: 6518432986506568016}
  m_Material: {fileID: 0}
  m_IsTrigger: 0
  m_Enabled: 1
  serializedVersion: 4
  m_Convex: 0
  m_CookingOptions: 30
  m_Mesh: {fileID: 2534964839176971238, guid: 6e2d68b130c761447ad4b498f3b190a5, type: 3}
--- !u!114 &818868526590306949
MonoBehaviour:
  m_ObjectHideFlags: 0
  m_CorrespondingSourceObject: {fileID: 0}
  m_PrefabInstance: {fileID: 0}
  m_PrefabAsset: {fileID: 0}
  m_GameObject: {fileID: 6518432986506568016}
  m_Enabled: 1
  m_EditorHideFlags: 0
  m_Script: {fileID: 11500000, guid: 1afaea5a4457fc5489bbb3c9c50c4e90, type: 3}
  m_Name: 
  m_EditorClassIdentifier: 
  m_associatedObject: {fileID: 3247017812647360317}
--- !u!1001 &4646844344602632374
PrefabInstance:
  m_ObjectHideFlags: 0
  serializedVersion: 2
  m_Modification:
    m_TransformParent: {fileID: 1816874440819316622}
    m_Modifications:
    - target: {fileID: -4216859302048453862, guid: 6e2d68b130c761447ad4b498f3b190a5,
        type: 3}
      propertyPath: m_LocalPosition.x
      value: 0
      objectReference: {fileID: 0}
    - target: {fileID: -4216859302048453862, guid: 6e2d68b130c761447ad4b498f3b190a5,
        type: 3}
      propertyPath: m_LocalPosition.y
      value: -1
      objectReference: {fileID: 0}
    - target: {fileID: -4216859302048453862, guid: 6e2d68b130c761447ad4b498f3b190a5,
        type: 3}
      propertyPath: m_LocalPosition.z
      value: 0
      objectReference: {fileID: 0}
    - target: {fileID: -4216859302048453862, guid: 6e2d68b130c761447ad4b498f3b190a5,
        type: 3}
      propertyPath: m_LocalRotation.x
      value: -0.7071068
      objectReference: {fileID: 0}
    - target: {fileID: -4216859302048453862, guid: 6e2d68b130c761447ad4b498f3b190a5,
        type: 3}
      propertyPath: m_LocalRotation.y
      value: 0
      objectReference: {fileID: 0}
    - target: {fileID: -4216859302048453862, guid: 6e2d68b130c761447ad4b498f3b190a5,
        type: 3}
      propertyPath: m_LocalRotation.z
      value: 0
      objectReference: {fileID: 0}
    - target: {fileID: -4216859302048453862, guid: 6e2d68b130c761447ad4b498f3b190a5,
        type: 3}
      propertyPath: m_LocalRotation.w
      value: 0.7071068
      objectReference: {fileID: 0}
    - target: {fileID: -4216859302048453862, guid: 6e2d68b130c761447ad4b498f3b190a5,
        type: 3}
      propertyPath: m_RootOrder
      value: 2
      objectReference: {fileID: 0}
    - target: {fileID: -4216859302048453862, guid: 6e2d68b130c761447ad4b498f3b190a5,
        type: 3}
      propertyPath: m_LocalEulerAnglesHint.x
      value: -90
      objectReference: {fileID: 0}
    - target: {fileID: -4216859302048453862, guid: 6e2d68b130c761447ad4b498f3b190a5,
        type: 3}
      propertyPath: m_LocalEulerAnglesHint.y
      value: 0
      objectReference: {fileID: 0}
    - target: {fileID: -4216859302048453862, guid: 6e2d68b130c761447ad4b498f3b190a5,
        type: 3}
      propertyPath: m_LocalEulerAnglesHint.z
      value: 0
      objectReference: {fileID: 0}
    - target: {fileID: -4216859302048453862, guid: 6e2d68b130c761447ad4b498f3b190a5,
        type: 3}
      propertyPath: m_LocalScale.x
      value: 10
      objectReference: {fileID: 0}
    - target: {fileID: -4216859302048453862, guid: 6e2d68b130c761447ad4b498f3b190a5,
        type: 3}
      propertyPath: m_LocalScale.y
      value: 10
      objectReference: {fileID: 0}
    - target: {fileID: -4216859302048453862, guid: 6e2d68b130c761447ad4b498f3b190a5,
        type: 3}
      propertyPath: m_LocalScale.z
      value: 1
      objectReference: {fileID: 0}
    - target: {fileID: -1504981713932161579, guid: 6e2d68b130c761447ad4b498f3b190a5,
        type: 3}
      propertyPath: m_Materials.Array.data[0]
      value: 
      objectReference: {fileID: 2100000, guid: 2d4f03b0a71f9824b8ed46dccfbe1796, type: 2}
    - target: {fileID: -927199367670048503, guid: 6e2d68b130c761447ad4b498f3b190a5,
        type: 3}
      propertyPath: m_Name
      value: Mesh
      objectReference: {fileID: 0}
    m_RemovedComponents: []
  m_SourcePrefab: {fileID: 100100000, guid: 6e2d68b130c761447ad4b498f3b190a5, type: 3}
--- !u!4 &362078530093910956 stripped
Transform:
  m_CorrespondingSourceObject: {fileID: -4216859302048453862, guid: 6e2d68b130c761447ad4b498f3b190a5,
    type: 3}
  m_PrefabInstance: {fileID: 4646844344602632374}
  m_PrefabAsset: {fileID: 0}
