%YAML 1.1
%TAG !u! tag:unity3d.com,2011:
--- !u!114 &-9163837442736005777
MonoBehaviour:
  m_ObjectHideFlags: 0
  m_CorrespondingSourceObject: {fileID: 0}
  m_PrefabInstance: {fileID: 0}
  m_PrefabAsset: {fileID: 0}
  m_GameObject: {fileID: 0}
  m_Enabled: 1
  m_EditorHideFlags: 0
  m_Script: {fileID: 11500000, guid: 26deccecfff98314bad35b94c90ecdde, type: 3}
  m_Name: MissionFinished
  m_EditorClassIdentifier: 
  m_value: 0
  m_contextType: 0
--- !u!114 &-8433913809200805200
MonoBehaviour:
  m_ObjectHideFlags: 0
  m_CorrespondingSourceObject: {fileID: 0}
  m_PrefabInstance: {fileID: 0}
  m_PrefabAsset: {fileID: 0}
  m_GameObject: {fileID: 0}
  m_Enabled: 1
  m_EditorHideFlags: 0
  m_Script: {fileID: 11500000, guid: 26deccecfff98314bad35b94c90ecdde, type: 3}
  m_Name: MissionBool1
  m_EditorClassIdentifier: 
  m_value: 0
  m_contextType: 0
--- !u!114 &-7152621817679248886
MonoBehaviour:
  m_ObjectHideFlags: 0
  m_CorrespondingSourceObject: {fileID: 0}
  m_PrefabInstance: {fileID: 0}
  m_PrefabAsset: {fileID: 0}
  m_GameObject: {fileID: 0}
  m_Enabled: 1
  m_EditorHideFlags: 0
  m_Script: {fileID: 11500000, guid: 26deccecfff98314bad35b94c90ecdde, type: 3}
  m_Name: TempBool2
  m_EditorClassIdentifier: 
  m_value: 0
  m_contextType: 0
--- !u!114 &-5657976517364627244
MonoBehaviour:
  m_ObjectHideFlags: 0
  m_CorrespondingSourceObject: {fileID: 0}
  m_PrefabInstance: {fileID: 0}
  m_PrefabAsset: {fileID: 0}
  m_GameObject: {fileID: 0}
  m_Enabled: 1
  m_EditorHideFlags: 0
  m_Script: {fileID: 11500000, guid: 26deccecfff98314bad35b94c90ecdde, type: 3}
  m_Name: MissionBool2
  m_EditorClassIdentifier: 
  m_value: 0
  m_contextType: 0
--- !u!114 &-3068445552162580361
MonoBehaviour:
  m_ObjectHideFlags: 0
  m_CorrespondingSourceObject: {fileID: 0}
  m_PrefabInstance: {fileID: 0}
  m_PrefabAsset: {fileID: 0}
  m_GameObject: {fileID: 0}
  m_Enabled: 1
  m_EditorHideFlags: 0
  m_Script: {fileID: 11500000, guid: 742eecafe4e78f04fa17a9ae4eda044c, type: 3}
  m_Name: TempSpawnedObject1
  m_EditorClassIdentifier: 
  m_value: {fileID: 0}
  m_contextType: 0
--- !u!114 &-829421034126236732
MonoBehaviour:
  m_ObjectHideFlags: 0
  m_CorrespondingSourceObject: {fileID: 0}
  m_PrefabInstance: {fileID: 0}
  m_PrefabAsset: {fileID: 0}
  m_GameObject: {fileID: 0}
  m_Enabled: 1
  m_EditorHideFlags: 0
  m_Script: {fileID: 11500000, guid: 742eecafe4e78f04fa17a9ae4eda044c, type: 3}
  m_Name: TempSpawnedObject4
  m_EditorClassIdentifier: 
  m_value: {fileID: 0}
  m_contextType: 0
--- !u!114 &11400000
MonoBehaviour:
  m_ObjectHideFlags: 0
  m_CorrespondingSourceObject: {fileID: 0}
  m_PrefabInstance: {fileID: 0}
  m_PrefabAsset: {fileID: 0}
  m_GameObject: {fileID: 0}
  m_Enabled: 1
  m_EditorHideFlags: 0
  m_Script: {fileID: 11500000, guid: 2f145690ff61e014aab6295703d75cb1, type: 3}
  m_Name: ArenaLevel1Variables
  m_EditorClassIdentifier: 
  Variables:
  - {fileID: 777382260385436349}
  - {fileID: -8433913809200805200}
  - {fileID: -5657976517364627244}
  - {fileID: 6641591797620498625}
  - {fileID: -9163837442736005777}
  - {fileID: 9103605149945624607}
  - {fileID: 2301204510866522899}
  - {fileID: 4748256710856661522}
  - {fileID: 2633223801398690467}
  - {fileID: -7152621817679248886}
  - {fileID: 5682734779969988783}
  - {fileID: 5956256592126774647}
  - {fileID: 7392219920480084040}
  - {fileID: -3068445552162580361}
  - {fileID: 4945751436047123846}
  - {fileID: 6109634462488560104}
  - {fileID: -829421034126236732}
--- !u!114 &777382260385436349
MonoBehaviour:
  m_ObjectHideFlags: 0
  m_CorrespondingSourceObject: {fileID: 0}
  m_PrefabInstance: {fileID: 0}
  m_PrefabAsset: {fileID: 0}
  m_GameObject: {fileID: 0}
  m_Enabled: 1
  m_EditorHideFlags: 0
  m_Script: {fileID: 11500000, guid: 54d00c3223c7ab247b7c7b6cfbd2e252, type: 3}
  m_Name: DialogueCounter
  m_EditorClassIdentifier: 
  m_value: 0
  m_contextType: 0
--- !u!114 &2301204510866522899
MonoBehaviour:
  m_ObjectHideFlags: 0
  m_CorrespondingSourceObject: {fileID: 0}
  m_PrefabInstance: {fileID: 0}
  m_PrefabAsset: {fileID: 0}
  m_GameObject: {fileID: 0}
  m_Enabled: 1
  m_EditorHideFlags: 0
  m_Script: {fileID: 11500000, guid: 54d00c3223c7ab247b7c7b6cfbd2e252, type: 3}
  m_Name: Seed
  m_EditorClassIdentifier: 
  m_value: 0
  m_contextType: 0
--- !u!114 &2633223801398690467
MonoBehaviour:
  m_ObjectHideFlags: 0
  m_CorrespondingSourceObject: {fileID: 0}
  m_PrefabInstance: {fileID: 0}
  m_PrefabAsset: {fileID: 0}
  m_GameObject: {fileID: 0}
  m_Enabled: 1
  m_EditorHideFlags: 0
  m_Script: {fileID: 11500000, guid: 26deccecfff98314bad35b94c90ecdde, type: 3}
  m_Name: TempBool1
  m_EditorClassIdentifier: 
  m_value: 0
  m_contextType: 0
--- !u!114 &4748256710856661522
MonoBehaviour:
  m_ObjectHideFlags: 0
  m_CorrespondingSourceObject: {fileID: 0}
  m_PrefabInstance: {fileID: 0}
  m_PrefabAsset: {fileID: 0}
  m_GameObject: {fileID: 0}
  m_Enabled: 1
  m_EditorHideFlags: 0
  m_Script: {fileID: 11500000, guid: 742eecafe4e78f04fa17a9ae4eda044c, type: 3}
  m_Name: Spawner
  m_EditorClassIdentifier: 
  m_value: {fileID: 4770518113403326366, guid: a93ca8106cbe33147bda109ce11951d9, type: 3}
  m_contextType: 0
--- !u!114 &4945751436047123846
MonoBehaviour:
  m_ObjectHideFlags: 0
  m_CorrespondingSourceObject: {fileID: 0}
  m_PrefabInstance: {fileID: 0}
  m_PrefabAsset: {fileID: 0}
  m_GameObject: {fileID: 0}
  m_Enabled: 1
  m_EditorHideFlags: 0
  m_Script: {fileID: 11500000, guid: 742eecafe4e78f04fa17a9ae4eda044c, type: 3}
  m_Name: TempSpawnedObject2
  m_EditorClassIdentifier: 
  m_value: {fileID: 0}
  m_contextType: 0
--- !u!114 &5682734779969988783
MonoBehaviour:
  m_ObjectHideFlags: 0
  m_CorrespondingSourceObject: {fileID: 0}
  m_PrefabInstance: {fileID: 0}
  m_PrefabAsset: {fileID: 0}
  m_GameObject: {fileID: 0}
  m_Enabled: 1
  m_EditorHideFlags: 0
  m_Script: {fileID: 11500000, guid: 26deccecfff98314bad35b94c90ecdde, type: 3}
  m_Name: TempBool3
  m_EditorClassIdentifier: 
  m_value: 0
  m_contextType: 0
--- !u!114 &5956256592126774647
MonoBehaviour:
  m_ObjectHideFlags: 0
  m_CorrespondingSourceObject: {fileID: 0}
  m_PrefabInstance: {fileID: 0}
  m_PrefabAsset: {fileID: 0}
  m_GameObject: {fileID: 0}
  m_Enabled: 1
  m_EditorHideFlags: 0
  m_Script: {fileID: 11500000, guid: 26deccecfff98314bad35b94c90ecdde, type: 3}
  m_Name: TempBool4
  m_EditorClassIdentifier: 
  m_value: 0
  m_contextType: 0
--- !u!114 &6109634462488560104
MonoBehaviour:
  m_ObjectHideFlags: 0
  m_CorrespondingSourceObject: {fileID: 0}
  m_PrefabInstance: {fileID: 0}
  m_PrefabAsset: {fileID: 0}
  m_GameObject: {fileID: 0}
  m_Enabled: 1
  m_EditorHideFlags: 0
  m_Script: {fileID: 11500000, guid: 742eecafe4e78f04fa17a9ae4eda044c, type: 3}
  m_Name: TempSpawnedObject3
  m_EditorClassIdentifier: 
  m_value: {fileID: 0}
  m_contextType: 0
--- !u!114 &6641591797620498625
MonoBehaviour:
  m_ObjectHideFlags: 0
  m_CorrespondingSourceObject: {fileID: 0}
  m_PrefabInstance: {fileID: 0}
  m_PrefabAsset: {fileID: 0}
  m_GameObject: {fileID: 0}
  m_Enabled: 1
  m_EditorHideFlags: 0
  m_Script: {fileID: 11500000, guid: 26deccecfff98314bad35b94c90ecdde, type: 3}
  m_Name: MissionBool3
  m_EditorClassIdentifier: 
  m_value: 0
  m_contextType: 0
--- !u!114 &7392219920480084040
MonoBehaviour:
  m_ObjectHideFlags: 0
  m_CorrespondingSourceObject: {fileID: 0}
  m_PrefabInstance: {fileID: 0}
  m_PrefabAsset: {fileID: 0}
  m_GameObject: {fileID: 0}
  m_Enabled: 1
  m_EditorHideFlags: 0
  m_Script: {fileID: 11500000, guid: 26deccecfff98314bad35b94c90ecdde, type: 3}
  m_Name: TempBool5
  m_EditorClassIdentifier: 
  m_value: 0
  m_contextType: 0
--- !u!114 &9103605149945624607
MonoBehaviour:
  m_ObjectHideFlags: 0
  m_CorrespondingSourceObject: {fileID: 0}
  m_PrefabInstance: {fileID: 0}
  m_PrefabAsset: {fileID: 0}
  m_GameObject: {fileID: 0}
  m_Enabled: 1
  m_EditorHideFlags: 0
  m_Script: {fileID: 11500000, guid: 742eecafe4e78f04fa17a9ae4eda044c, type: 3}
  m_Name: NavMesh
  m_EditorClassIdentifier: 
  m_value: {fileID: 0}
  m_contextType: 0
