%YAML 1.1
%TAG !u! tag:unity3d.com,2011:
--- !u!1 &14293087980236820
GameObject:
  m_ObjectHideFlags: 0
  m_CorrespondingSourceObject: {fileID: 0}
  m_PrefabInstance: {fileID: 0}
  m_PrefabAsset: {fileID: 0}
  serializedVersion: 6
  m_Component:
  - component: {fileID: 5026866792275354375}
  - component: {fileID: 6402030166947156251}
  - component: {fileID: 3135365016349264946}
  m_Layer: 0
  m_Name: Finger2
  m_TagString: Untagged
  m_Icon: {fileID: 0}
  m_NavMeshLayer: 0
  m_StaticEditorFlags: 0
  m_IsActive: 1
--- !u!4 &5026866792275354375
Transform:
  m_ObjectHideFlags: 0
  m_CorrespondingSourceObject: {fileID: 0}
  m_PrefabInstance: {fileID: 0}
  m_PrefabAsset: {fileID: 0}
  m_GameObject: {fileID: 14293087980236820}
  m_LocalRotation: {x: 0.41710055, y: -0.6129013, z: -0.03630581, w: 0.6701201}
  m_LocalPosition: {x: 0.01912489, y: -0.54253167, z: -0.22956407}
  m_LocalScale: {x: 0.20000017, y: 0.2000001, z: 0.20000015}
  m_Children: []
  m_Father: {fileID: 6806849045549564088}
  m_RootOrder: 1
  m_LocalEulerAnglesHint: {x: 19.844002, y: -13.987, z: -2.062}
--- !u!33 &6402030166947156251
MeshFilter:
  m_ObjectHideFlags: 0
  m_CorrespondingSourceObject: {fileID: 0}
  m_PrefabInstance: {fileID: 0}
  m_PrefabAsset: {fileID: 0}
  m_GameObject: {fileID: 14293087980236820}
  m_Mesh: {fileID: 10206, guid: 0000000000000000e000000000000000, type: 0}
--- !u!23 &3135365016349264946
MeshRenderer:
  m_ObjectHideFlags: 0
  m_CorrespondingSourceObject: {fileID: 0}
  m_PrefabInstance: {fileID: 0}
  m_PrefabAsset: {fileID: 0}
  m_GameObject: {fileID: 14293087980236820}
  m_Enabled: 1
  m_CastShadows: 1
  m_ReceiveShadows: 1
  m_DynamicOccludee: 1
  m_MotionVectors: 1
  m_LightProbeUsage: 1
  m_ReflectionProbeUsage: 1
  m_RayTracingMode: 2
  m_RenderingLayerMask: 1
  m_RendererPriority: 0
  m_Materials:
  - {fileID: 2100000, guid: 73c176f402d2c2f4d929aa5da7585d17, type: 2}
  m_StaticBatchInfo:
    firstSubMesh: 0
    subMeshCount: 0
  m_StaticBatchRoot: {fileID: 0}
  m_ProbeAnchor: {fileID: 0}
  m_LightProbeVolumeOverride: {fileID: 0}
  m_ScaleInLightmap: 1
  m_ReceiveGI: 1
  m_PreserveUVs: 0
  m_IgnoreNormalsForChartDetection: 0
  m_ImportantGI: 0
  m_StitchLightmapSeams: 1
  m_SelectedEditorRenderState: 3
  m_MinimumChartSize: 4
  m_AutoUVMaxDistance: 0.5
  m_AutoUVMaxAngle: 89
  m_LightmapParameters: {fileID: 0}
  m_SortingLayerID: 0
  m_SortingLayer: 0
  m_SortingOrder: 0
--- !u!1 &795280079674429153
GameObject:
  m_ObjectHideFlags: 0
  m_CorrespondingSourceObject: {fileID: 0}
  m_PrefabInstance: {fileID: 0}
  m_PrefabAsset: {fileID: 0}
  serializedVersion: 6
  m_Component:
  - component: {fileID: 5908144005941633900}
  m_Layer: 0
  m_Name: EffectPos
  m_TagString: Untagged
  m_Icon: {fileID: 0}
  m_NavMeshLayer: 0
  m_StaticEditorFlags: 0
  m_IsActive: 1
--- !u!4 &5908144005941633900
Transform:
  m_ObjectHideFlags: 0
  m_CorrespondingSourceObject: {fileID: 0}
  m_PrefabInstance: {fileID: 0}
  m_PrefabAsset: {fileID: 0}
  m_GameObject: {fileID: 795280079674429153}
  m_LocalRotation: {x: -0, y: -0, z: -0, w: 1}
  m_LocalPosition: {x: 0, y: 0, z: 1}
  m_LocalScale: {x: 1, y: 1, z: 1}
  m_Children: []
  m_Father: {fileID: 874151091441526292}
  m_RootOrder: 0
  m_LocalEulerAnglesHint: {x: 0, y: 0, z: 0}
--- !u!1 &3696388205322194651
GameObject:
  m_ObjectHideFlags: 0
  m_CorrespondingSourceObject: {fileID: 0}
  m_PrefabInstance: {fileID: 0}
  m_PrefabAsset: {fileID: 0}
  serializedVersion: 6
  m_Component:
  - component: {fileID: 874151091441526292}
  - component: {fileID: 2069199519941238796}
  - component: {fileID: 1385762291423872845}
  - component: {fileID: 8759181363603443770}
  m_Layer: 0
  m_Name: DamageCollider
  m_TagString: Untagged
  m_Icon: {fileID: 0}
  m_NavMeshLayer: 0
  m_StaticEditorFlags: 0
  m_IsActive: 1
--- !u!4 &874151091441526292
Transform:
  m_ObjectHideFlags: 0
  m_CorrespondingSourceObject: {fileID: 0}
  m_PrefabInstance: {fileID: 0}
  m_PrefabAsset: {fileID: 0}
  m_GameObject: {fileID: 3696388205322194651}
  m_LocalRotation: {x: -0.7071068, y: -0, z: -0, w: 0.7071068}
  m_LocalPosition: {x: 0, y: 0, z: 0}
  m_LocalScale: {x: 1, y: 1, z: 1}
  m_Children:
  - {fileID: 5908144005941633900}
  m_Father: {fileID: 4508419662870421303}
  m_RootOrder: 1
  m_LocalEulerAnglesHint: {x: 0, y: 0, z: 0}
--- !u!114 &2069199519941238796
MonoBehaviour:
  m_ObjectHideFlags: 0
  m_CorrespondingSourceObject: {fileID: 0}
  m_PrefabInstance: {fileID: 0}
  m_PrefabAsset: {fileID: 0}
  m_GameObject: {fileID: 3696388205322194651}
  m_Enabled: 1
  m_EditorHideFlags: 0
  m_Script: {fileID: 11500000, guid: c249b4c3de06a52478164b4dbf5c7abb, type: 3}
  m_Name: 
  m_EditorClassIdentifier: 
  OnTriggerEnterEvent:
    m_PersistentCalls:
      m_Calls: []
  OnTriggerStayEvent:
    m_PersistentCalls:
      m_Calls: []
  OnTriggerExitEvent:
    m_PersistentCalls:
      m_Calls: []
--- !u!135 &1385762291423872845
SphereCollider:
  m_ObjectHideFlags: 0
  m_CorrespondingSourceObject: {fileID: 0}
  m_PrefabInstance: {fileID: 0}
  m_PrefabAsset: {fileID: 0}
  m_GameObject: {fileID: 3696388205322194651}
  m_Material: {fileID: 0}
  m_IsTrigger: 1
  m_Enabled: 0
  serializedVersion: 2
  m_Radius: 0.6
  m_Center: {x: 0, y: 0, z: 0}
--- !u!114 &8759181363603443770
MonoBehaviour:
  m_ObjectHideFlags: 0
  m_CorrespondingSourceObject: {fileID: 0}
  m_PrefabInstance: {fileID: 0}
  m_PrefabAsset: {fileID: 0}
  m_GameObject: {fileID: 3696388205322194651}
  m_Enabled: 1
  m_EditorHideFlags: 0
  m_Script: {fileID: 11500000, guid: c0af4118bc3ef73429d435d4c1e5ef21, type: 3}
  m_Name: 
  m_EditorClassIdentifier: 
  m_damage: 1
  m_knockBack: 10
  m_actor: {fileID: 0}
  m_teamComponent: {fileID: 0}
  m_collider:
  - {fileID: 1385762291423872845}
  m_originIsActorPercent: 0.85
  m_damagePosOriginPercent: 0
  m_materialID: {fileID: -3791719943578193434, guid: 2e02c724391fb664cae106a60c43f260,
    type: 2}
  OnDamageDone:
    m_PersistentCalls:
      m_Calls: []
  OnCollision:
    m_PersistentCalls:
      m_Calls: []
--- !u!1 &3923170950435398097
GameObject:
  m_ObjectHideFlags: 0
  m_CorrespondingSourceObject: {fileID: 0}
  m_PrefabInstance: {fileID: 0}
  m_PrefabAsset: {fileID: 0}
  serializedVersion: 6
  m_Component:
  - component: {fileID: 6806849045549564088}
  - component: {fileID: 4522026414013960944}
  - component: {fileID: 8100734634244684815}
  m_Layer: 0
  m_Name: Model
  m_TagString: Untagged
  m_Icon: {fileID: 0}
  m_NavMeshLayer: 0
  m_StaticEditorFlags: 0
  m_IsActive: 1
--- !u!4 &6806849045549564088
Transform:
  m_ObjectHideFlags: 0
  m_CorrespondingSourceObject: {fileID: 0}
  m_PrefabInstance: {fileID: 0}
  m_PrefabAsset: {fileID: 0}
  m_GameObject: {fileID: 3923170950435398097}
  m_LocalRotation: {x: -0.7071068, y: -0, z: -0, w: 0.7071068}
  m_LocalPosition: {x: 0, y: 0, z: 0}
  m_LocalScale: {x: 1, y: 1, z: 1}
  m_Children:
  - {fileID: 1637286436022198858}
  - {fileID: 5026866792275354375}
  - {fileID: 4833945863904148138}
  - {fileID: 6963747145050987985}
  m_Father: {fileID: 4508419662870421303}
  m_RootOrder: 0
  m_LocalEulerAnglesHint: {x: 0, y: 0, z: 0}
--- !u!33 &4522026414013960944
MeshFilter:
  m_ObjectHideFlags: 0
  m_CorrespondingSourceObject: {fileID: 0}
  m_PrefabInstance: {fileID: 0}
  m_PrefabAsset: {fileID: 0}
  m_GameObject: {fileID: 3923170950435398097}
  m_Mesh: {fileID: 10207, guid: 0000000000000000e000000000000000, type: 0}
--- !u!23 &8100734634244684815
MeshRenderer:
  m_ObjectHideFlags: 0
  m_CorrespondingSourceObject: {fileID: 0}
  m_PrefabInstance: {fileID: 0}
  m_PrefabAsset: {fileID: 0}
  m_GameObject: {fileID: 3923170950435398097}
  m_Enabled: 1
  m_CastShadows: 1
  m_ReceiveShadows: 1
  m_DynamicOccludee: 1
  m_MotionVectors: 1
  m_LightProbeUsage: 1
  m_ReflectionProbeUsage: 1
  m_RayTracingMode: 2
  m_RenderingLayerMask: 1
  m_RendererPriority: 0
  m_Materials:
  - {fileID: 2100000, guid: d5daadce4590fdf4c83571efbc443b63, type: 2}
  m_StaticBatchInfo:
    firstSubMesh: 0
    subMeshCount: 0
  m_StaticBatchRoot: {fileID: 0}
  m_ProbeAnchor: {fileID: 0}
  m_LightProbeVolumeOverride: {fileID: 0}
  m_ScaleInLightmap: 1
  m_ReceiveGI: 1
  m_PreserveUVs: 0
  m_IgnoreNormalsForChartDetection: 0
  m_ImportantGI: 0
  m_StitchLightmapSeams: 1
  m_SelectedEditorRenderState: 3
  m_MinimumChartSize: 4
  m_AutoUVMaxDistance: 0.5
  m_AutoUVMaxAngle: 89
  m_LightmapParameters: {fileID: 0}
  m_SortingLayerID: 0
  m_SortingLayer: 0
  m_SortingOrder: 0
--- !u!1 &4618208678871719283
GameObject:
  m_ObjectHideFlags: 0
  m_CorrespondingSourceObject: {fileID: 0}
  m_PrefabInstance: {fileID: 0}
  m_PrefabAsset: {fileID: 0}
  serializedVersion: 6
  m_Component:
  - component: {fileID: 1637286436022198858}
  - component: {fileID: 5127335498343388202}
  - component: {fileID: 2274494712814397481}
  m_Layer: 0
  m_Name: Finger3
  m_TagString: Untagged
  m_Icon: {fileID: 0}
  m_NavMeshLayer: 0
  m_StaticEditorFlags: 0
  m_IsActive: 1
--- !u!4 &1637286436022198858
Transform:
  m_ObjectHideFlags: 0
  m_CorrespondingSourceObject: {fileID: 0}
  m_PrefabInstance: {fileID: 0}
  m_PrefabAsset: {fileID: 0}
  m_GameObject: {fileID: 4618208678871719283}
  m_LocalRotation: {x: 0.5362652, y: -0.51189935, z: -0.17591192, w: 0.647637}
  m_LocalPosition: {x: -0.09557915, y: -0.39969704, z: -0.38720104}
  m_LocalScale: {x: 0.20000005, y: 0.20000006, z: 0.19999999}
  m_Children: []
  m_Father: {fileID: 6806849045549564088}
  m_RootOrder: 0
  m_LocalEulerAnglesHint: {x: 19.844002, y: -13.987, z: -26.252}
--- !u!33 &5127335498343388202
MeshFilter:
  m_ObjectHideFlags: 0
  m_CorrespondingSourceObject: {fileID: 0}
  m_PrefabInstance: {fileID: 0}
  m_PrefabAsset: {fileID: 0}
  m_GameObject: {fileID: 4618208678871719283}
  m_Mesh: {fileID: 10206, guid: 0000000000000000e000000000000000, type: 0}
--- !u!23 &2274494712814397481
MeshRenderer:
  m_ObjectHideFlags: 0
  m_CorrespondingSourceObject: {fileID: 0}
  m_PrefabInstance: {fileID: 0}
  m_PrefabAsset: {fileID: 0}
  m_GameObject: {fileID: 4618208678871719283}
  m_Enabled: 1
  m_CastShadows: 1
  m_ReceiveShadows: 1
  m_DynamicOccludee: 1
  m_MotionVectors: 1
  m_LightProbeUsage: 1
  m_ReflectionProbeUsage: 1
  m_RayTracingMode: 2
  m_RenderingLayerMask: 1
  m_RendererPriority: 0
  m_Materials:
  - {fileID: 2100000, guid: 73c176f402d2c2f4d929aa5da7585d17, type: 2}
  m_StaticBatchInfo:
    firstSubMesh: 0
    subMeshCount: 0
  m_StaticBatchRoot: {fileID: 0}
  m_ProbeAnchor: {fileID: 0}
  m_LightProbeVolumeOverride: {fileID: 0}
  m_ScaleInLightmap: 1
  m_ReceiveGI: 1
  m_PreserveUVs: 0
  m_IgnoreNormalsForChartDetection: 0
  m_ImportantGI: 0
  m_StitchLightmapSeams: 1
  m_SelectedEditorRenderState: 3
  m_MinimumChartSize: 4
  m_AutoUVMaxDistance: 0.5
  m_AutoUVMaxAngle: 89
  m_LightmapParameters: {fileID: 0}
  m_SortingLayerID: 0
  m_SortingLayer: 0
  m_SortingOrder: 0
--- !u!1 &4958356637783670300
GameObject:
  m_ObjectHideFlags: 0
  m_CorrespondingSourceObject: {fileID: 0}
  m_PrefabInstance: {fileID: 0}
  m_PrefabAsset: {fileID: 0}
  serializedVersion: 6
  m_Component:
  - component: {fileID: 4833945863904148138}
  - component: {fileID: 6482569604112636105}
  - component: {fileID: 1880906932355205088}
  m_Layer: 0
  m_Name: Finger1
  m_TagString: Untagged
  m_Icon: {fileID: 0}
  m_NavMeshLayer: 0
  m_StaticEditorFlags: 0
  m_IsActive: 1
--- !u!4 &4833945863904148138
Transform:
  m_ObjectHideFlags: 0
  m_CorrespondingSourceObject: {fileID: 0}
  m_PrefabInstance: {fileID: 0}
  m_PrefabAsset: {fileID: 0}
  m_GameObject: {fileID: 4958356637783670300}
  m_LocalRotation: {x: 0.2888056, y: -0.6827974, z: 0.09581575, w: 0.66422766}
  m_LocalPosition: {x: 0.10155573, y: -0.53800577, z: 0.021311665}
  m_LocalScale: {x: 0.20000017, y: 0.20000014, z: 0.20000012}
  m_Children: []
  m_Father: {fileID: 6806849045549564088}
  m_RootOrder: 2
  m_LocalEulerAnglesHint: {x: 19.844002, y: -13.987, z: 20.557001}
--- !u!33 &6482569604112636105
MeshFilter:
  m_ObjectHideFlags: 0
  m_CorrespondingSourceObject: {fileID: 0}
  m_PrefabInstance: {fileID: 0}
  m_PrefabAsset: {fileID: 0}
  m_GameObject: {fileID: 4958356637783670300}
  m_Mesh: {fileID: 10206, guid: 0000000000000000e000000000000000, type: 0}
--- !u!23 &1880906932355205088
MeshRenderer:
  m_ObjectHideFlags: 0
  m_CorrespondingSourceObject: {fileID: 0}
  m_PrefabInstance: {fileID: 0}
  m_PrefabAsset: {fileID: 0}
  m_GameObject: {fileID: 4958356637783670300}
  m_Enabled: 1
  m_CastShadows: 1
  m_ReceiveShadows: 1
  m_DynamicOccludee: 1
  m_MotionVectors: 1
  m_LightProbeUsage: 1
  m_ReflectionProbeUsage: 1
  m_RayTracingMode: 2
  m_RenderingLayerMask: 1
  m_RendererPriority: 0
  m_Materials:
  - {fileID: 2100000, guid: 73c176f402d2c2f4d929aa5da7585d17, type: 2}
  m_StaticBatchInfo:
    firstSubMesh: 0
    subMeshCount: 0
  m_StaticBatchRoot: {fileID: 0}
  m_ProbeAnchor: {fileID: 0}
  m_LightProbeVolumeOverride: {fileID: 0}
  m_ScaleInLightmap: 1
  m_ReceiveGI: 1
  m_PreserveUVs: 0
  m_IgnoreNormalsForChartDetection: 0
  m_ImportantGI: 0
  m_StitchLightmapSeams: 1
  m_SelectedEditorRenderState: 3
  m_MinimumChartSize: 4
  m_AutoUVMaxDistance: 0.5
  m_AutoUVMaxAngle: 89
  m_LightmapParameters: {fileID: 0}
  m_SortingLayerID: 0
  m_SortingLayer: 0
  m_SortingOrder: 0
--- !u!1 &6500185853575426439
GameObject:
  m_ObjectHideFlags: 0
  m_CorrespondingSourceObject: {fileID: 0}
  m_PrefabInstance: {fileID: 0}
  m_PrefabAsset: {fileID: 0}
  serializedVersion: 6
  m_Component:
  - component: {fileID: 6963747145050987985}
  - component: {fileID: 8558598552770345631}
  - component: {fileID: 1184586063667261557}
  m_Layer: 0
  m_Name: Thumb
  m_TagString: Untagged
  m_Icon: {fileID: 0}
  m_NavMeshLayer: 0
  m_StaticEditorFlags: 0
  m_IsActive: 1
--- !u!4 &6963747145050987985
Transform:
  m_ObjectHideFlags: 0
  m_CorrespondingSourceObject: {fileID: 0}
  m_PrefabInstance: {fileID: 0}
  m_PrefabAsset: {fileID: 0}
  m_GameObject: {fileID: 6500185853575426439}
  m_LocalRotation: {x: 0.039162505, y: -0.52810466, z: 0.63995343, w: 0.5568047}
  m_LocalPosition: {x: 0.1962698, y: -0.07312727, z: 0.4896228}
  m_LocalScale: {x: 0.20000018, y: 0.20000017, z: 0.20000008}
  m_Children: []
  m_Father: {fileID: 6806849045549564088}
  m_RootOrder: 3
  m_LocalEulerAnglesHint: {x: 14.093, y: 25.689001, z: 96.151}
--- !u!33 &8558598552770345631
MeshFilter:
  m_ObjectHideFlags: 0
  m_CorrespondingSourceObject: {fileID: 0}
  m_PrefabInstance: {fileID: 0}
  m_PrefabAsset: {fileID: 0}
  m_GameObject: {fileID: 6500185853575426439}
  m_Mesh: {fileID: 10206, guid: 0000000000000000e000000000000000, type: 0}
--- !u!23 &1184586063667261557
MeshRenderer:
  m_ObjectHideFlags: 0
  m_CorrespondingSourceObject: {fileID: 0}
  m_PrefabInstance: {fileID: 0}
  m_PrefabAsset: {fileID: 0}
  m_GameObject: {fileID: 6500185853575426439}
  m_Enabled: 1
  m_CastShadows: 1
  m_ReceiveShadows: 1
  m_DynamicOccludee: 1
  m_MotionVectors: 1
  m_LightProbeUsage: 1
  m_ReflectionProbeUsage: 1
  m_RayTracingMode: 2
  m_RenderingLayerMask: 1
  m_RendererPriority: 0
  m_Materials:
  - {fileID: 2100000, guid: 73c176f402d2c2f4d929aa5da7585d17, type: 2}
  m_StaticBatchInfo:
    firstSubMesh: 0
    subMeshCount: 0
  m_StaticBatchRoot: {fileID: 0}
  m_ProbeAnchor: {fileID: 0}
  m_LightProbeVolumeOverride: {fileID: 0}
  m_ScaleInLightmap: 1
  m_ReceiveGI: 1
  m_PreserveUVs: 0
  m_IgnoreNormalsForChartDetection: 0
  m_ImportantGI: 0
  m_StitchLightmapSeams: 1
  m_SelectedEditorRenderState: 3
  m_MinimumChartSize: 4
  m_AutoUVMaxDistance: 0.5
  m_AutoUVMaxAngle: 89
  m_LightmapParameters: {fileID: 0}
  m_SortingLayerID: 0
  m_SortingLayer: 0
  m_SortingOrder: 0
--- !u!1 &8524736673101731508
GameObject:
  m_ObjectHideFlags: 0
  m_CorrespondingSourceObject: {fileID: 0}
  m_PrefabInstance: {fileID: 0}
  m_PrefabAsset: {fileID: 0}
  serializedVersion: 6
  m_Component:
  - component: {fileID: 4508419662870421303}
  - component: {fileID: 9052053931366377907}
  m_Layer: 0
  m_Name: Pref_EnemyDefaultPuncher
  m_TagString: Untagged
  m_Icon: {fileID: 0}
  m_NavMeshLayer: 0
  m_StaticEditorFlags: 0
  m_IsActive: 1
--- !u!4 &4508419662870421303
Transform:
  m_ObjectHideFlags: 0
  m_CorrespondingSourceObject: {fileID: 0}
  m_PrefabInstance: {fileID: 0}
  m_PrefabAsset: {fileID: 0}
  m_GameObject: {fileID: 8524736673101731508}
  m_LocalRotation: {x: 0, y: 0, z: 0, w: 1}
  m_LocalPosition: {x: 0, y: 0, z: 0}
  m_LocalScale: {x: 1, y: 1, z: 1}
  m_Children:
  - {fileID: 6806849045549564088}
  - {fileID: 874151091441526292}
  m_Father: {fileID: 0}
  m_RootOrder: 0
  m_LocalEulerAnglesHint: {x: 0, y: 0, z: 0}
--- !u!114 &9052053931366377907
MonoBehaviour:
  m_ObjectHideFlags: 0
  m_CorrespondingSourceObject: {fileID: 0}
  m_PrefabInstance: {fileID: 0}
  m_PrefabAsset: {fileID: 0}
  m_GameObject: {fileID: 8524736673101731508}
  m_Enabled: 1
  m_EditorHideFlags: 0
  m_Script: {fileID: 11500000, guid: 96d5a2996619b2447a4dac41bfa15e02, type: 3}
  m_Name: 
  m_EditorClassIdentifier: 
  m_grabRestrictions: 0
  m_movesType: 0
  m_events:
    OnEquipped:
      m_PersistentCalls:
        m_Calls: []
    OnUnequipped:
      m_PersistentCalls:
        m_Calls: []
    OnActivated:
      m_PersistentCalls:
        m_Calls: []
    OnDeactivated:
      m_PersistentCalls:
        m_Calls: []
  m_damageComponentList:
  - {fileID: 8759181363603443770}
  m_actor: {fileID: 0}
  m_handleOffset: {fileID: 0}
  m_weaponLength: 0
  m_fxLinks:
  - Name: DefaultActivation
    WeaponFXString: Default
    WeaponFX: 0
    ID: {fileID: -2258112939353382801, guid: 4e95c166955b402499e88f6b93708b30, type: 2}
    Attachment: {fileID: 4508419662870421303}
    TransformData:
      Parent: {fileID: 0}
      LocalPosition: {x: 0, y: 0, z: 0}
      LocalRotation: {x: 0, y: 0, z: 0}
    Scale: 0
    Variation: 
    FXData:
      SpawnFXPrefab:
        UseConfig: 0
        PrefabGO: {fileID: 0}
        PrefabAsset: {fileID: 0}
      DetachedFX: 0
      Anim:
        m_animator: {fileID: 0}
        m_controller: {fileID: 0}
        m_stateName: 
      Audio:
        ObjectField: {fileID: 0}
        ResultType: 
      OnActive:
        m_PersistentCalls:
          m_Calls:
          - m_Target: {fileID: 8759181363603443770}
            m_MethodName: set_enabled
            m_Mode: 6
            m_Arguments:
              m_ObjectArgument: {fileID: 0}
              m_ObjectArgumentAssemblyTypeName: UnityEngine.Object, UnityEngine
              m_IntArgument: 0
              m_FloatArgument: 0
              m_StringArgument: 
              m_BoolArgument: 1
            m_CallState: 2
      OnInactive:
        m_PersistentCalls:
          m_Calls:
          - m_Target: {fileID: 8759181363603443770}
            m_MethodName: set_enabled
            m_Mode: 6
            m_Arguments:
              m_ObjectArgument: {fileID: 0}
              m_ObjectArgumentAssemblyTypeName: UnityEngine.Object, UnityEngine
              m_IntArgument: 0
              m_FloatArgument: 0
              m_StringArgument: 
              m_BoolArgument: 0
            m_CallState: 2
  - Name: PunchImpact
    WeaponFXString: Impact
    WeaponFX: 2
    ID: {fileID: -5297115732860810945, guid: 4e95c166955b402499e88f6b93708b30, type: 2}
    Attachment: {fileID: 5908144005941633900}
    TransformData:
      Parent: {fileID: 0}
      LocalPosition: {x: 0, y: 0, z: 0}
      LocalRotation: {x: 0, y: 0, z: 0}
    Scale: 0
    Variation: 
    FXData:
      SpawnFXPrefab:
        UseConfig: 0
        PrefabGO: {fileID: 7499976744830641801, guid: 93edcf8c1803bcb4ea009ec64b72b107,
          type: 3}
        PrefabAsset: {fileID: 0}
      DetachedFX: 0
      Anim:
        m_animator: {fileID: 0}
        m_controller: {fileID: 0}
        m_stateName: 
      Audio:
        ObjectField: {fileID: 0}
        ResultType: 
      OnActive:
        m_PersistentCalls:
          m_Calls: []
      OnInactive:
        m_PersistentCalls:
          m_Calls: []
  m_weaponIndex: -1
  m_scalingRoot: {fileID: 0}
  m_defaultFXID: {fileID: -2258112939353382801, guid: 4e95c166955b402499e88f6b93708b30,
    type: 2}
