%YAML 1.1
%TAG !u! tag:unity3d.com,2011:
--- !u!1 &621303855966886171
GameObject:
  m_ObjectHideFlags: 0
  m_CorrespondingSourceObject: {fileID: 0}
  m_PrefabInstance: {fileID: 0}
  m_PrefabAsset: {fileID: 0}
  serializedVersion: 6
  m_Component:
  - component: {fileID: 6852822208082230546}
  m_Layer: 0
  m_Name: Pref_Trail
  m_TagString: Untagged
  m_Icon: {fileID: 0}
  m_NavMeshLayer: 0
  m_StaticEditorFlags: 0
  m_IsActive: 1
--- !u!4 &6852822208082230546
Transform:
  m_ObjectHideFlags: 0
  m_CorrespondingSourceObject: {fileID: 0}
  m_PrefabInstance: {fileID: 0}
  m_PrefabAsset: {fileID: 0}
  m_GameObject: {fileID: 621303855966886171}
  m_LocalRotation: {x: 0, y: 1, z: 0, w: 0}
  m_LocalPosition: {x: 0, y: 1, z: 0}
  m_LocalScale: {x: 1, y: 1, z: 1}
  m_Children:
  - {fileID: 7682760198243172815}
  - {fileID: 369813072264199109}
  - {fileID: 6184842257797342929}
  - {fileID: 5866953102398791408}
  m_Father: {fileID: 0}
  m_RootOrder: 0
  m_LocalEulerAnglesHint: {x: 0, y: 180, z: 0}
--- !u!1001 &728349954471199267
PrefabInstance:
  m_ObjectHideFlags: 0
  serializedVersion: 2
  m_Modification:
    m_TransformParent: {fileID: 6852822208082230546}
    m_Modifications:
    - target: {fileID: 7513933669152668561, guid: 969044e5a8ba0a545bc94e57324700f5,
        type: 3}
      propertyPath: m_Name
      value: Part_Hexa_Sparks_(Sheet_A)
      objectReference: {fileID: 0}
    - target: {fileID: 6903850207284847858, guid: 969044e5a8ba0a545bc94e57324700f5,
        type: 3}
      propertyPath: m_LocalPosition.x
      value: 0
      objectReference: {fileID: 0}
    - target: {fileID: 6903850207284847858, guid: 969044e5a8ba0a545bc94e57324700f5,
        type: 3}
      propertyPath: m_LocalPosition.y
      value: 0
      objectReference: {fileID: 0}
    - target: {fileID: 6903850207284847858, guid: 969044e5a8ba0a545bc94e57324700f5,
        type: 3}
      propertyPath: m_LocalPosition.z
      value: 0
      objectReference: {fileID: 0}
    - target: {fileID: 6903850207284847858, guid: 969044e5a8ba0a545bc94e57324700f5,
        type: 3}
      propertyPath: m_LocalRotation.x
      value: -0
      objectReference: {fileID: 0}
    - target: {fileID: 6903850207284847858, guid: 969044e5a8ba0a545bc94e57324700f5,
        type: 3}
      propertyPath: m_LocalRotation.y
      value: -0
      objectReference: {fileID: 0}
    - target: {fileID: 6903850207284847858, guid: 969044e5a8ba0a545bc94e57324700f5,
        type: 3}
      propertyPath: m_LocalRotation.z
      value: -0
      objectReference: {fileID: 0}
    - target: {fileID: 6903850207284847858, guid: 969044e5a8ba0a545bc94e57324700f5,
        type: 3}
      propertyPath: m_LocalRotation.w
      value: 1
      objectReference: {fileID: 0}
    - target: {fileID: 6903850207284847858, guid: 969044e5a8ba0a545bc94e57324700f5,
        type: 3}
      propertyPath: m_RootOrder
      value: 2
      objectReference: {fileID: 0}
    - target: {fileID: 6903850207284847858, guid: 969044e5a8ba0a545bc94e57324700f5,
        type: 3}
      propertyPath: m_LocalEulerAnglesHint.x
      value: 0
      objectReference: {fileID: 0}
    - target: {fileID: 6903850207284847858, guid: 969044e5a8ba0a545bc94e57324700f5,
        type: 3}
      propertyPath: m_LocalEulerAnglesHint.y
      value: 0
      objectReference: {fileID: 0}
    - target: {fileID: 6903850207284847858, guid: 969044e5a8ba0a545bc94e57324700f5,
        type: 3}
      propertyPath: m_LocalEulerAnglesHint.z
      value: 0
      objectReference: {fileID: 0}
    m_RemovedComponents: []
  m_SourcePrefab: {fileID: 100100000, guid: 969044e5a8ba0a545bc94e57324700f5, type: 3}
--- !u!4 &6184842257797342929 stripped
Transform:
  m_CorrespondingSourceObject: {fileID: 6903850207284847858, guid: 969044e5a8ba0a545bc94e57324700f5,
    type: 3}
  m_PrefabInstance: {fileID: 728349954471199267}
  m_PrefabAsset: {fileID: 0}
--- !u!1001 &3859409455761964527
PrefabInstance:
  m_ObjectHideFlags: 0
  serializedVersion: 2
  m_Modification:
    m_TransformParent: {fileID: 6852822208082230546}
    m_Modifications:
    - target: {fileID: 7272715378010310107, guid: a3d77008394d56843b9a3f5490ee849f,
        type: 3}
      propertyPath: m_Name
      value: Rend_Trail_Pink
      objectReference: {fileID: 0}
    - target: {fileID: 7270211335175185183, guid: a3d77008394d56843b9a3f5490ee849f,
        type: 3}
      propertyPath: m_LocalPosition.x
      value: 0
      objectReference: {fileID: 0}
    - target: {fileID: 7270211335175185183, guid: a3d77008394d56843b9a3f5490ee849f,
        type: 3}
      propertyPath: m_LocalPosition.y
      value: 0
      objectReference: {fileID: 0}
    - target: {fileID: 7270211335175185183, guid: a3d77008394d56843b9a3f5490ee849f,
        type: 3}
      propertyPath: m_LocalPosition.z
      value: 0
      objectReference: {fileID: 0}
    - target: {fileID: 7270211335175185183, guid: a3d77008394d56843b9a3f5490ee849f,
        type: 3}
      propertyPath: m_LocalRotation.x
      value: -0
      objectReference: {fileID: 0}
    - target: {fileID: 7270211335175185183, guid: a3d77008394d56843b9a3f5490ee849f,
        type: 3}
      propertyPath: m_LocalRotation.y
      value: -0
      objectReference: {fileID: 0}
    - target: {fileID: 7270211335175185183, guid: a3d77008394d56843b9a3f5490ee849f,
        type: 3}
      propertyPath: m_LocalRotation.z
      value: -0
      objectReference: {fileID: 0}
    - target: {fileID: 7270211335175185183, guid: a3d77008394d56843b9a3f5490ee849f,
        type: 3}
      propertyPath: m_LocalRotation.w
      value: 1
      objectReference: {fileID: 0}
    - target: {fileID: 7270211335175185183, guid: a3d77008394d56843b9a3f5490ee849f,
        type: 3}
      propertyPath: m_RootOrder
      value: 3
      objectReference: {fileID: 0}
    - target: {fileID: 7270211335175185183, guid: a3d77008394d56843b9a3f5490ee849f,
        type: 3}
      propertyPath: m_LocalEulerAnglesHint.x
      value: 0
      objectReference: {fileID: 0}
    - target: {fileID: 7270211335175185183, guid: a3d77008394d56843b9a3f5490ee849f,
        type: 3}
      propertyPath: m_LocalEulerAnglesHint.y
      value: 0
      objectReference: {fileID: 0}
    - target: {fileID: 7270211335175185183, guid: a3d77008394d56843b9a3f5490ee849f,
        type: 3}
      propertyPath: m_LocalEulerAnglesHint.z
      value: 0
      objectReference: {fileID: 0}
    m_RemovedComponents: []
  m_SourcePrefab: {fileID: 100100000, guid: a3d77008394d56843b9a3f5490ee849f, type: 3}
--- !u!4 &5866953102398791408 stripped
Transform:
  m_CorrespondingSourceObject: {fileID: 7270211335175185183, guid: a3d77008394d56843b9a3f5490ee849f,
    type: 3}
  m_PrefabInstance: {fileID: 3859409455761964527}
  m_PrefabAsset: {fileID: 0}
--- !u!1001 &5717820323992874368
PrefabInstance:
  m_ObjectHideFlags: 0
  serializedVersion: 2
  m_Modification:
    m_TransformParent: {fileID: 6852822208082230546}
    m_Modifications:
    - target: {fileID: 5363085666802307993, guid: 3b7034a4f0663054ab18d9f1f137057e,
        type: 3}
      propertyPath: m_Name
      value: Part_Glow_(Sheet_A)
      objectReference: {fileID: 0}
    - target: {fileID: 5366056882945447493, guid: 3b7034a4f0663054ab18d9f1f137057e,
        type: 3}
      propertyPath: m_LocalPosition.x
      value: 0
      objectReference: {fileID: 0}
    - target: {fileID: 5366056882945447493, guid: 3b7034a4f0663054ab18d9f1f137057e,
        type: 3}
      propertyPath: m_LocalPosition.y
      value: 0
      objectReference: {fileID: 0}
    - target: {fileID: 5366056882945447493, guid: 3b7034a4f0663054ab18d9f1f137057e,
        type: 3}
      propertyPath: m_LocalPosition.z
      value: 0
      objectReference: {fileID: 0}
    - target: {fileID: 5366056882945447493, guid: 3b7034a4f0663054ab18d9f1f137057e,
        type: 3}
      propertyPath: m_LocalRotation.x
      value: -0
      objectReference: {fileID: 0}
    - target: {fileID: 5366056882945447493, guid: 3b7034a4f0663054ab18d9f1f137057e,
        type: 3}
      propertyPath: m_LocalRotation.y
      value: -0
      objectReference: {fileID: 0}
    - target: {fileID: 5366056882945447493, guid: 3b7034a4f0663054ab18d9f1f137057e,
        type: 3}
      propertyPath: m_LocalRotation.z
      value: -0
      objectReference: {fileID: 0}
    - target: {fileID: 5366056882945447493, guid: 3b7034a4f0663054ab18d9f1f137057e,
        type: 3}
      propertyPath: m_LocalRotation.w
      value: 1
      objectReference: {fileID: 0}
    - target: {fileID: 5366056882945447493, guid: 3b7034a4f0663054ab18d9f1f137057e,
        type: 3}
      propertyPath: m_RootOrder
      value: 1
      objectReference: {fileID: 0}
    - target: {fileID: 5366056882945447493, guid: 3b7034a4f0663054ab18d9f1f137057e,
        type: 3}
      propertyPath: m_LocalEulerAnglesHint.x
      value: 90
      objectReference: {fileID: 0}
    - target: {fileID: 5366056882945447493, guid: 3b7034a4f0663054ab18d9f1f137057e,
        type: 3}
      propertyPath: m_LocalEulerAnglesHint.y
      value: 0
      objectReference: {fileID: 0}
    - target: {fileID: 5366056882945447493, guid: 3b7034a4f0663054ab18d9f1f137057e,
        type: 3}
      propertyPath: m_LocalEulerAnglesHint.z
      value: 0
      objectReference: {fileID: 0}
    m_RemovedComponents: []
  m_SourcePrefab: {fileID: 100100000, guid: 3b7034a4f0663054ab18d9f1f137057e, type: 3}
--- !u!4 &369813072264199109 stripped
Transform:
  m_CorrespondingSourceObject: {fileID: 5366056882945447493, guid: 3b7034a4f0663054ab18d9f1f137057e,
    type: 3}
  m_PrefabInstance: {fileID: 5717820323992874368}
  m_PrefabAsset: {fileID: 0}
--- !u!1001 &5796337663990518330
PrefabInstance:
  m_ObjectHideFlags: 0
  serializedVersion: 2
  m_Modification:
    m_TransformParent: {fileID: 7682760198243172815}
    m_Modifications:
    - target: {fileID: 7021456231548496709, guid: c7ad4edbcffde434a9cf276249178c47,
        type: 3}
      propertyPath: m_Name
      value: Part_Dash_Experimental
      objectReference: {fileID: 0}
    - target: {fileID: 7021456231548496704, guid: c7ad4edbcffde434a9cf276249178c47,
        type: 3}
      propertyPath: m_LocalPosition.x
      value: 0
      objectReference: {fileID: 0}
    - target: {fileID: 7021456231548496704, guid: c7ad4edbcffde434a9cf276249178c47,
        type: 3}
      propertyPath: m_LocalPosition.y
      value: 0
      objectReference: {fileID: 0}
    - target: {fileID: 7021456231548496704, guid: c7ad4edbcffde434a9cf276249178c47,
        type: 3}
      propertyPath: m_LocalPosition.z
      value: 0.322
      objectReference: {fileID: 0}
    - target: {fileID: 7021456231548496704, guid: c7ad4edbcffde434a9cf276249178c47,
        type: 3}
      propertyPath: m_LocalRotation.x
      value: 1
      objectReference: {fileID: 0}
    - target: {fileID: 7021456231548496704, guid: c7ad4edbcffde434a9cf276249178c47,
        type: 3}
      propertyPath: m_LocalRotation.y
      value: 0
      objectReference: {fileID: 0}
    - target: {fileID: 7021456231548496704, guid: c7ad4edbcffde434a9cf276249178c47,
        type: 3}
      propertyPath: m_LocalRotation.z
      value: 0
      objectReference: {fileID: 0}
    - target: {fileID: 7021456231548496704, guid: c7ad4edbcffde434a9cf276249178c47,
        type: 3}
      propertyPath: m_LocalRotation.w
      value: 0
      objectReference: {fileID: 0}
    - target: {fileID: 7021456231548496704, guid: c7ad4edbcffde434a9cf276249178c47,
        type: 3}
      propertyPath: m_RootOrder
      value: 0
      objectReference: {fileID: 0}
    - target: {fileID: 7021456231548496704, guid: c7ad4edbcffde434a9cf276249178c47,
        type: 3}
      propertyPath: m_LocalEulerAnglesHint.x
      value: 180
      objectReference: {fileID: 0}
    - target: {fileID: 7021456231548496704, guid: c7ad4edbcffde434a9cf276249178c47,
        type: 3}
      propertyPath: m_LocalEulerAnglesHint.y
      value: 0
      objectReference: {fileID: 0}
    - target: {fileID: 7021456231548496704, guid: c7ad4edbcffde434a9cf276249178c47,
        type: 3}
      propertyPath: m_LocalEulerAnglesHint.z
      value: 0
      objectReference: {fileID: 0}
    - target: {fileID: 7021456231548496707, guid: c7ad4edbcffde434a9cf276249178c47,
        type: 3}
      propertyPath: EmissionModule.rateOverTime.scalar
      value: 10
      objectReference: {fileID: 0}
    - target: {fileID: 7021456231548496707, guid: c7ad4edbcffde434a9cf276249178c47,
        type: 3}
      propertyPath: ShapeModule.type
      value: 0
      objectReference: {fileID: 0}
    - target: {fileID: 7021456231548496707, guid: c7ad4edbcffde434a9cf276249178c47,
        type: 3}
      propertyPath: ShapeModule.radius.value
      value: 0.76
      objectReference: {fileID: 0}
    - target: {fileID: 7021456231548496707, guid: c7ad4edbcffde434a9cf276249178c47,
        type: 3}
      propertyPath: ShapeModule.radiusThickness
      value: 0.43641704
      objectReference: {fileID: 0}
    - target: {fileID: 7021456231548496707, guid: c7ad4edbcffde434a9cf276249178c47,
        type: 3}
      propertyPath: prewarm
      value: 0
      objectReference: {fileID: 0}
    m_RemovedComponents: []
  m_SourcePrefab: {fileID: 100100000, guid: c7ad4edbcffde434a9cf276249178c47, type: 3}
--- !u!1001 &6350542585287106270
PrefabInstance:
  m_ObjectHideFlags: 0
  serializedVersion: 2
  m_Modification:
    m_TransformParent: {fileID: 6852822208082230546}
    m_Modifications:
    - target: {fileID: 3653942227070948391, guid: 53e95b17d1090a64f898378d555ed69c,
        type: 3}
      propertyPath: m_Name
      value: Part_Hexagons_(Sheet_A)
      objectReference: {fileID: 0}
    - target: {fileID: 3653942227070948391, guid: 53e95b17d1090a64f898378d555ed69c,
        type: 3}
      propertyPath: m_IsActive
      value: 1
      objectReference: {fileID: 0}
    - target: {fileID: 3656656146968354577, guid: 53e95b17d1090a64f898378d555ed69c,
        type: 3}
      propertyPath: m_LocalPosition.x
      value: 0
      objectReference: {fileID: 0}
    - target: {fileID: 3656656146968354577, guid: 53e95b17d1090a64f898378d555ed69c,
        type: 3}
      propertyPath: m_LocalPosition.y
      value: 0
      objectReference: {fileID: 0}
    - target: {fileID: 3656656146968354577, guid: 53e95b17d1090a64f898378d555ed69c,
        type: 3}
      propertyPath: m_LocalPosition.z
      value: 0
      objectReference: {fileID: 0}
    - target: {fileID: 3656656146968354577, guid: 53e95b17d1090a64f898378d555ed69c,
        type: 3}
      propertyPath: m_LocalRotation.x
      value: -0
      objectReference: {fileID: 0}
    - target: {fileID: 3656656146968354577, guid: 53e95b17d1090a64f898378d555ed69c,
        type: 3}
      propertyPath: m_LocalRotation.y
      value: -0
      objectReference: {fileID: 0}
    - target: {fileID: 3656656146968354577, guid: 53e95b17d1090a64f898378d555ed69c,
        type: 3}
      propertyPath: m_LocalRotation.z
      value: -0
      objectReference: {fileID: 0}
    - target: {fileID: 3656656146968354577, guid: 53e95b17d1090a64f898378d555ed69c,
        type: 3}
      propertyPath: m_LocalRotation.w
      value: 1
      objectReference: {fileID: 0}
    - target: {fileID: 3656656146968354577, guid: 53e95b17d1090a64f898378d555ed69c,
        type: 3}
      propertyPath: m_RootOrder
      value: 0
      objectReference: {fileID: 0}
    - target: {fileID: 3656656146968354577, guid: 53e95b17d1090a64f898378d555ed69c,
        type: 3}
      propertyPath: m_LocalEulerAnglesHint.x
      value: 0
      objectReference: {fileID: 0}
    - target: {fileID: 3656656146968354577, guid: 53e95b17d1090a64f898378d555ed69c,
        type: 3}
      propertyPath: m_LocalEulerAnglesHint.y
      value: 0
      objectReference: {fileID: 0}
    - target: {fileID: 3656656146968354577, guid: 53e95b17d1090a64f898378d555ed69c,
        type: 3}
      propertyPath: m_LocalEulerAnglesHint.z
      value: 0
      objectReference: {fileID: 0}
    m_RemovedComponents: []
  m_SourcePrefab: {fileID: 100100000, guid: 53e95b17d1090a64f898378d555ed69c, type: 3}
--- !u!4 &7682760198243172815 stripped
Transform:
  m_CorrespondingSourceObject: {fileID: 3656656146968354577, guid: 53e95b17d1090a64f898378d555ed69c,
    type: 3}
  m_PrefabInstance: {fileID: 6350542585287106270}
  m_PrefabAsset: {fileID: 0}
