%YAML 1.1
%TAG !u! tag:unity3d.com,2011:
--- !u!1 &115832095343666257
GameObject:
  m_ObjectHideFlags: 0
  m_CorrespondingSourceObject: {fileID: 0}
  m_PrefabInstance: {fileID: 0}
  m_PrefabAsset: {fileID: 0}
  serializedVersion: 6
  m_Component:
  - component: {fileID: 8013639726627684586}
  - component: {fileID: 540360195045588846}
  - component: {fileID: 8176011295479850328}
  m_Layer: 13
  m_Name: Mod_Head
  m_TagString: Untagged
  m_Icon: {fileID: 0}
  m_NavMeshLayer: 0
  m_StaticEditorFlags: 0
  m_IsActive: 1
--- !u!4 &8013639726627684586
Transform:
  m_ObjectHideFlags: 0
  m_CorrespondingSourceObject: {fileID: 0}
  m_PrefabInstance: {fileID: 0}
  m_PrefabAsset: {fileID: 0}
  m_GameObject: {fileID: 115832095343666257}
  m_LocalRotation: {x: -0.7071068, y: -0, z: -0, w: 0.7071068}
  m_LocalPosition: {x: 0.17460251, y: 0.5643401, z: -0.05}
  m_LocalScale: {x: 2.5, y: 2, z: 2}
  m_Children: []
  m_Father: {fileID: 1182279601660790385}
  m_RootOrder: 0
  m_LocalEulerAnglesHint: {x: 0, y: 0, z: 0}
--- !u!33 &540360195045588846
MeshFilter:
  m_ObjectHideFlags: 0
  m_CorrespondingSourceObject: {fileID: 0}
  m_PrefabInstance: {fileID: 0}
  m_PrefabAsset: {fileID: 0}
  m_GameObject: {fileID: 115832095343666257}
  m_Mesh: {fileID: 0}
--- !u!23 &8176011295479850328
MeshRenderer:
  m_ObjectHideFlags: 0
  m_CorrespondingSourceObject: {fileID: 0}
  m_PrefabInstance: {fileID: 0}
  m_PrefabAsset: {fileID: 0}
  m_GameObject: {fileID: 115832095343666257}
  m_Enabled: 1
  m_CastShadows: 1
  m_ReceiveShadows: 1
  m_DynamicOccludee: 1
  m_MotionVectors: 1
  m_LightProbeUsage: 1
  m_ReflectionProbeUsage: 1
  m_RayTracingMode: 2
  m_RenderingLayerMask: 1
  m_RendererPriority: 0
  m_Materials:
  - {fileID: 0}
  - {fileID: 2100000, guid: 7c52b3c0c60cf184cb5400f3a85c739a, type: 2}
  - {fileID: 0}
  - {fileID: 2100000, guid: 7c52b3c0c60cf184cb5400f3a85c739a, type: 2}
  - {fileID: 0}
  - {fileID: 0}
  m_StaticBatchInfo:
    firstSubMesh: 0
    subMeshCount: 0
  m_StaticBatchRoot: {fileID: 0}
  m_ProbeAnchor: {fileID: 0}
  m_LightProbeVolumeOverride: {fileID: 0}
  m_ScaleInLightmap: 1
  m_ReceiveGI: 1
  m_PreserveUVs: 0
  m_IgnoreNormalsForChartDetection: 0
  m_ImportantGI: 0
  m_StitchLightmapSeams: 1
  m_SelectedEditorRenderState: 3
  m_MinimumChartSize: 4
  m_AutoUVMaxDistance: 0.5
  m_AutoUVMaxAngle: 89
  m_LightmapParameters: {fileID: 0}
  m_SortingLayerID: 0
  m_SortingLayer: 0
  m_SortingOrder: 0
--- !u!1 &528373269094818457
GameObject:
  m_ObjectHideFlags: 0
  m_CorrespondingSourceObject: {fileID: 0}
  m_PrefabInstance: {fileID: 0}
  m_PrefabAsset: {fileID: 0}
  serializedVersion: 6
  m_Component:
  - component: {fileID: 8950321304470096524}
  - component: {fileID: 2337296890976496282}
  - component: {fileID: 7931884611224687524}
  m_Layer: 13
  m_Name: LegL
  m_TagString: Untagged
  m_Icon: {fileID: 0}
  m_NavMeshLayer: 0
  m_StaticEditorFlags: 0
  m_IsActive: 1
--- !u!4 &8950321304470096524
Transform:
  m_ObjectHideFlags: 0
  m_CorrespondingSourceObject: {fileID: 0}
  m_PrefabInstance: {fileID: 0}
  m_PrefabAsset: {fileID: 0}
  m_GameObject: {fileID: 528373269094818457}
  m_LocalRotation: {x: 0, y: 0, z: 0, w: 1}
  m_LocalPosition: {x: 0, y: -0.375, z: 0}
  m_LocalScale: {x: 0.1, y: 0.75, z: 0.1}
  m_Children:
  - {fileID: 353361938651487502}
  m_Father: {fileID: 2699634032555033663}
  m_RootOrder: 0
  m_LocalEulerAnglesHint: {x: 0, y: 0, z: 0}
--- !u!33 &2337296890976496282
MeshFilter:
  m_ObjectHideFlags: 0
  m_CorrespondingSourceObject: {fileID: 0}
  m_PrefabInstance: {fileID: 0}
  m_PrefabAsset: {fileID: 0}
  m_GameObject: {fileID: 528373269094818457}
  m_Mesh: {fileID: 10202, guid: 0000000000000000e000000000000000, type: 0}
--- !u!23 &7931884611224687524
MeshRenderer:
  m_ObjectHideFlags: 0
  m_CorrespondingSourceObject: {fileID: 0}
  m_PrefabInstance: {fileID: 0}
  m_PrefabAsset: {fileID: 0}
  m_GameObject: {fileID: 528373269094818457}
  m_Enabled: 0
  m_CastShadows: 1
  m_ReceiveShadows: 1
  m_DynamicOccludee: 1
  m_MotionVectors: 1
  m_LightProbeUsage: 1
  m_ReflectionProbeUsage: 1
  m_RayTracingMode: 2
  m_RenderingLayerMask: 1
  m_RendererPriority: 0
  m_Materials:
  - {fileID: 2100000, guid: 76a391d603c69874aaa5e97b9b32e7d8, type: 2}
  m_StaticBatchInfo:
    firstSubMesh: 0
    subMeshCount: 0
  m_StaticBatchRoot: {fileID: 0}
  m_ProbeAnchor: {fileID: 0}
  m_LightProbeVolumeOverride: {fileID: 0}
  m_ScaleInLightmap: 1
  m_ReceiveGI: 1
  m_PreserveUVs: 0
  m_IgnoreNormalsForChartDetection: 0
  m_ImportantGI: 0
  m_StitchLightmapSeams: 1
  m_SelectedEditorRenderState: 3
  m_MinimumChartSize: 4
  m_AutoUVMaxDistance: 0.5
  m_AutoUVMaxAngle: 89
  m_LightmapParameters: {fileID: 0}
  m_SortingLayerID: 0
  m_SortingLayer: 0
  m_SortingOrder: 0
--- !u!1 &725372109877224705
GameObject:
  m_ObjectHideFlags: 0
  m_CorrespondingSourceObject: {fileID: 0}
  m_PrefabInstance: {fileID: 0}
  m_PrefabAsset: {fileID: 0}
  serializedVersion: 6
  m_Component:
  - component: {fileID: 2078280135735644714}
  - component: {fileID: 2938427144940511426}
  - component: {fileID: 3395274961339382514}
  m_Layer: 13
  m_Name: Mod_R_Hand
  m_TagString: Untagged
  m_Icon: {fileID: 0}
  m_NavMeshLayer: 0
  m_StaticEditorFlags: 0
  m_IsActive: 1
--- !u!4 &2078280135735644714
Transform:
  m_ObjectHideFlags: 0
  m_CorrespondingSourceObject: {fileID: 0}
  m_PrefabInstance: {fileID: 0}
  m_PrefabAsset: {fileID: 0}
  m_GameObject: {fileID: 725372109877224705}
  m_LocalRotation: {x: -0.69759184, y: 0.115609966, z: -0.115609996, w: 0.69759184}
  m_LocalPosition: {x: 1.03, y: -2.99, z: -0.31667006}
  m_LocalScale: {x: 7.6923075, y: 7.6923113, z: 7.6923113}
  m_Children: []
  m_Father: {fileID: 2871821810476385035}
  m_RootOrder: 1
  m_LocalEulerAnglesHint: {x: -71.18, y: 90.00001, z: -90.00001}
--- !u!33 &2938427144940511426
MeshFilter:
  m_ObjectHideFlags: 0
  m_CorrespondingSourceObject: {fileID: 0}
  m_PrefabInstance: {fileID: 0}
  m_PrefabAsset: {fileID: 0}
  m_GameObject: {fileID: 725372109877224705}
  m_Mesh: {fileID: 0}
--- !u!23 &3395274961339382514
MeshRenderer:
  m_ObjectHideFlags: 0
  m_CorrespondingSourceObject: {fileID: 0}
  m_PrefabInstance: {fileID: 0}
  m_PrefabAsset: {fileID: 0}
  m_GameObject: {fileID: 725372109877224705}
  m_Enabled: 1
  m_CastShadows: 1
  m_ReceiveShadows: 1
  m_DynamicOccludee: 1
  m_MotionVectors: 1
  m_LightProbeUsage: 1
  m_ReflectionProbeUsage: 1
  m_RayTracingMode: 2
  m_RenderingLayerMask: 1
  m_RendererPriority: 0
  m_Materials:
  - {fileID: 0}
  - {fileID: 0}
  - {fileID: 0}
  - {fileID: 0}
  m_StaticBatchInfo:
    firstSubMesh: 0
    subMeshCount: 0
  m_StaticBatchRoot: {fileID: 0}
  m_ProbeAnchor: {fileID: 0}
  m_LightProbeVolumeOverride: {fileID: 0}
  m_ScaleInLightmap: 1
  m_ReceiveGI: 1
  m_PreserveUVs: 0
  m_IgnoreNormalsForChartDetection: 0
  m_ImportantGI: 0
  m_StitchLightmapSeams: 1
  m_SelectedEditorRenderState: 3
  m_MinimumChartSize: 4
  m_AutoUVMaxDistance: 0.5
  m_AutoUVMaxAngle: 89
  m_LightmapParameters: {fileID: 0}
  m_SortingLayerID: 0
  m_SortingLayer: 0
  m_SortingOrder: 0
--- !u!1 &725883535867222029
GameObject:
  m_ObjectHideFlags: 0
  m_CorrespondingSourceObject: {fileID: 0}
  m_PrefabInstance: {fileID: 0}
  m_PrefabAsset: {fileID: 0}
  serializedVersion: 6
  m_Component:
  - component: {fileID: 1397906203335791545}
  - component: {fileID: 8163208632487452222}
  - component: {fileID: 5531695294347669539}
  m_Layer: 13
  m_Name: Mod_Body
  m_TagString: Untagged
  m_Icon: {fileID: 0}
  m_NavMeshLayer: 0
  m_StaticEditorFlags: 0
  m_IsActive: 1
--- !u!4 &1397906203335791545
Transform:
  m_ObjectHideFlags: 0
  m_CorrespondingSourceObject: {fileID: 0}
  m_PrefabInstance: {fileID: 0}
  m_PrefabAsset: {fileID: 0}
  m_GameObject: {fileID: 725883535867222029}
  m_LocalRotation: {x: -0.7071068, y: -0, z: -0, w: 0.7071068}
  m_LocalPosition: {x: -0.0063237054, y: 0.045728683, z: 0.051915873}
  m_LocalScale: {x: 2, y: 2, z: 1.333334}
  m_Children: []
  m_Father: {fileID: 1117247430887192921}
  m_RootOrder: 0
  m_LocalEulerAnglesHint: {x: 0, y: 0, z: 0}
--- !u!33 &8163208632487452222
MeshFilter:
  m_ObjectHideFlags: 0
  m_CorrespondingSourceObject: {fileID: 0}
  m_PrefabInstance: {fileID: 0}
  m_PrefabAsset: {fileID: 0}
  m_GameObject: {fileID: 725883535867222029}
  m_Mesh: {fileID: 0}
--- !u!23 &5531695294347669539
MeshRenderer:
  m_ObjectHideFlags: 0
  m_CorrespondingSourceObject: {fileID: 0}
  m_PrefabInstance: {fileID: 0}
  m_PrefabAsset: {fileID: 0}
  m_GameObject: {fileID: 725883535867222029}
  m_Enabled: 1
  m_CastShadows: 1
  m_ReceiveShadows: 1
  m_DynamicOccludee: 1
  m_MotionVectors: 1
  m_LightProbeUsage: 1
  m_ReflectionProbeUsage: 1
  m_RayTracingMode: 2
  m_RenderingLayerMask: 1
  m_RendererPriority: 0
  m_Materials:
  - {fileID: 0}
  - {fileID: 0}
  - {fileID: 0}
  - {fileID: 0}
  - {fileID: 0}
  - {fileID: 0}
  - {fileID: 0}
  m_StaticBatchInfo:
    firstSubMesh: 0
    subMeshCount: 0
  m_StaticBatchRoot: {fileID: 0}
  m_ProbeAnchor: {fileID: 0}
  m_LightProbeVolumeOverride: {fileID: 0}
  m_ScaleInLightmap: 1
  m_ReceiveGI: 1
  m_PreserveUVs: 0
  m_IgnoreNormalsForChartDetection: 0
  m_ImportantGI: 0
  m_StitchLightmapSeams: 1
  m_SelectedEditorRenderState: 3
  m_MinimumChartSize: 4
  m_AutoUVMaxDistance: 0.5
  m_AutoUVMaxAngle: 89
  m_LightmapParameters: {fileID: 0}
  m_SortingLayerID: 0
  m_SortingLayer: 0
  m_SortingOrder: 0
--- !u!1 &991324970889576089
GameObject:
  m_ObjectHideFlags: 0
  m_CorrespondingSourceObject: {fileID: 0}
  m_PrefabInstance: {fileID: 0}
  m_PrefabAsset: {fileID: 0}
  serializedVersion: 6
  m_Component:
  - component: {fileID: 6488604513397208941}
  m_Layer: 13
  m_Name: LegRJoint
  m_TagString: Untagged
  m_Icon: {fileID: 0}
  m_NavMeshLayer: 0
  m_StaticEditorFlags: 0
  m_IsActive: 1
--- !u!4 &6488604513397208941
Transform:
  m_ObjectHideFlags: 0
  m_CorrespondingSourceObject: {fileID: 0}
  m_PrefabInstance: {fileID: 0}
  m_PrefabAsset: {fileID: 0}
  m_GameObject: {fileID: 991324970889576089}
  m_LocalRotation: {x: 0, y: 0, z: 0, w: 1}
  m_LocalPosition: {x: 0.14, y: 0, z: 0}
  m_LocalScale: {x: 1, y: 1, z: 1}
  m_Children:
  - {fileID: 7383141240645997804}
  m_Father: {fileID: 1792299026170069997}
  m_RootOrder: 0
  m_LocalEulerAnglesHint: {x: 0, y: 0, z: 0}
--- !u!1 &2209246291972798001
GameObject:
  m_ObjectHideFlags: 0
  m_CorrespondingSourceObject: {fileID: 0}
  m_PrefabInstance: {fileID: 0}
  m_PrefabAsset: {fileID: 0}
  serializedVersion: 6
  m_Component:
  - component: {fileID: 2871821810476385035}
  m_Layer: 13
  m_Name: RightElbow
  m_TagString: Untagged
  m_Icon: {fileID: 0}
  m_NavMeshLayer: 0
  m_StaticEditorFlags: 0
  m_IsActive: 1
--- !u!4 &2871821810476385035
Transform:
  m_ObjectHideFlags: 0
  m_CorrespondingSourceObject: {fileID: 0}
  m_PrefabInstance: {fileID: 0}
  m_PrefabAsset: {fileID: 0}
  m_GameObject: {fileID: 2209246291972798001}
  m_LocalRotation: {x: 0, y: 0, z: 0, w: 1}
  m_LocalPosition: {x: 0.3, y: 1.5, z: 0}
  m_LocalScale: {x: 0.13, y: 0.13, z: 0.13}
  m_Children:
  - {fileID: 8272746921357767000}
  - {fileID: 2078280135735644714}
  - {fileID: 5733193317149312795}
  m_Father: {fileID: 7637692359830730732}
  m_RootOrder: 1
  m_LocalEulerAnglesHint: {x: 0, y: 0, z: 0}
--- !u!1 &2372503103521307726
GameObject:
  m_ObjectHideFlags: 0
  m_CorrespondingSourceObject: {fileID: 0}
  m_PrefabInstance: {fileID: 0}
  m_PrefabAsset: {fileID: 0}
  serializedVersion: 6
  m_Component:
  - component: {fileID: 1182279601660790385}
  m_Layer: 13
  m_Name: Head
  m_TagString: Untagged
  m_Icon: {fileID: 0}
  m_NavMeshLayer: 0
  m_StaticEditorFlags: 0
  m_IsActive: 1
--- !u!4 &1182279601660790385
Transform:
  m_ObjectHideFlags: 0
  m_CorrespondingSourceObject: {fileID: 0}
  m_PrefabInstance: {fileID: 0}
  m_PrefabAsset: {fileID: 0}
  m_GameObject: {fileID: 2372503103521307726}
  m_LocalRotation: {x: -0, y: -0, z: -0, w: 1}
  m_LocalPosition: {x: 0, y: 0.20000005, z: 0.1}
  m_LocalScale: {x: 0.4, y: 0.5, z: 0.5}
  m_Children:
  - {fileID: 8013639726627684586}
  m_Father: {fileID: 2494256107444069632}
  m_RootOrder: 0
  m_LocalEulerAnglesHint: {x: 0, y: 0, z: 0}
--- !u!1 &2778250837204044449
GameObject:
  m_ObjectHideFlags: 0
  m_CorrespondingSourceObject: {fileID: 0}
  m_PrefabInstance: {fileID: 0}
  m_PrefabAsset: {fileID: 0}
  serializedVersion: 6
  m_Component:
  - component: {fileID: 2392706146801066893}
  - component: {fileID: 8034858911692631375}
  - component: {fileID: 1634752498364707631}
  m_Layer: 13
  m_Name: Collider
  m_TagString: Untagged
  m_Icon: {fileID: 0}
  m_NavMeshLayer: 0
  m_StaticEditorFlags: 0
  m_IsActive: 1
--- !u!4 &2392706146801066893
Transform:
  m_ObjectHideFlags: 0
  m_CorrespondingSourceObject: {fileID: 0}
  m_PrefabInstance: {fileID: 0}
  m_PrefabAsset: {fileID: 0}
  m_GameObject: {fileID: 2778250837204044449}
  m_LocalRotation: {x: -0, y: -0, z: -0, w: 1}
  m_LocalPosition: {x: 0, y: 0, z: 0}
  m_LocalScale: {x: 1, y: 1, z: 1}
  m_Children: []
  m_Father: {fileID: 7637692359830730732}
  m_RootOrder: 5
  m_LocalEulerAnglesHint: {x: 0, y: 0, z: 0}
--- !u!114 &8034858911692631375
MonoBehaviour:
  m_ObjectHideFlags: 0
  m_CorrespondingSourceObject: {fileID: 0}
  m_PrefabInstance: {fileID: 0}
  m_PrefabAsset: {fileID: 0}
  m_GameObject: {fileID: 2778250837204044449}
  m_Enabled: 1
  m_EditorHideFlags: 0
  m_Script: {fileID: 11500000, guid: 1afaea5a4457fc5489bbb3c9c50c4e90, type: 3}
  m_Name: 
  m_EditorClassIdentifier: 
  m_associatedObject: {fileID: 0}
--- !u!65 &1634752498364707631
BoxCollider:
  m_ObjectHideFlags: 0
  m_CorrespondingSourceObject: {fileID: 0}
  m_PrefabInstance: {fileID: 0}
  m_PrefabAsset: {fileID: 0}
  m_GameObject: {fileID: 2778250837204044449}
  m_Material: {fileID: 0}
  m_IsTrigger: 0
  m_Enabled: 1
  serializedVersion: 2
  m_Size: {x: 0.65, y: 3, z: 0.5}
  m_Center: {x: 0, y: 1.5, z: 0}
--- !u!1 &3170703418087291813
GameObject:
  m_ObjectHideFlags: 0
  m_CorrespondingSourceObject: {fileID: 0}
  m_PrefabInstance: {fileID: 0}
  m_PrefabAsset: {fileID: 0}
  serializedVersion: 6
  m_Component:
  - component: {fileID: 2259425419392548457}
  - component: {fileID: 5179625128644173729}
  - component: {fileID: 4551390077072220618}
  m_Layer: 13
  m_Name: Mod_R_Leg
  m_TagString: Untagged
  m_Icon: {fileID: 0}
  m_NavMeshLayer: 0
  m_StaticEditorFlags: 0
  m_IsActive: 1
--- !u!4 &2259425419392548457
Transform:
  m_ObjectHideFlags: 0
  m_CorrespondingSourceObject: {fileID: 0}
  m_PrefabInstance: {fileID: 0}
  m_PrefabAsset: {fileID: 0}
  m_GameObject: {fileID: 3170703418087291813}
  m_LocalRotation: {x: -0.7071068, y: -0, z: -0, w: 0.7071068}
  m_LocalPosition: {x: 1.0195241, y: 0.10770385, z: 1.4144113}
  m_LocalScale: {x: 10, y: 10, z: 1.333334}
  m_Children: []
  m_Father: {fileID: 7383141240645997804}
  m_RootOrder: 0
  m_LocalEulerAnglesHint: {x: 0, y: 0, z: 0}
--- !u!33 &5179625128644173729
MeshFilter:
  m_ObjectHideFlags: 0
  m_CorrespondingSourceObject: {fileID: 0}
  m_PrefabInstance: {fileID: 0}
  m_PrefabAsset: {fileID: 0}
  m_GameObject: {fileID: 3170703418087291813}
  m_Mesh: {fileID: 0}
--- !u!23 &4551390077072220618
MeshRenderer:
  m_ObjectHideFlags: 0
  m_CorrespondingSourceObject: {fileID: 0}
  m_PrefabInstance: {fileID: 0}
  m_PrefabAsset: {fileID: 0}
  m_GameObject: {fileID: 3170703418087291813}
  m_Enabled: 1
  m_CastShadows: 1
  m_ReceiveShadows: 1
  m_DynamicOccludee: 1
  m_MotionVectors: 1
  m_LightProbeUsage: 1
  m_ReflectionProbeUsage: 1
  m_RayTracingMode: 2
  m_RenderingLayerMask: 1
  m_RendererPriority: 0
  m_Materials:
  - {fileID: 0}
  - {fileID: 0}
  - {fileID: 0}
  - {fileID: 0}
  - {fileID: 0}
  - {fileID: 0}
  m_StaticBatchInfo:
    firstSubMesh: 0
    subMeshCount: 0
  m_StaticBatchRoot: {fileID: 0}
  m_ProbeAnchor: {fileID: 0}
  m_LightProbeVolumeOverride: {fileID: 0}
  m_ScaleInLightmap: 1
  m_ReceiveGI: 1
  m_PreserveUVs: 0
  m_IgnoreNormalsForChartDetection: 0
  m_ImportantGI: 0
  m_StitchLightmapSeams: 1
  m_SelectedEditorRenderState: 3
  m_MinimumChartSize: 4
  m_AutoUVMaxDistance: 0.5
  m_AutoUVMaxAngle: 89
  m_LightmapParameters: {fileID: 0}
  m_SortingLayerID: 0
  m_SortingLayer: 0
  m_SortingOrder: 0
--- !u!1 &3427627786073155077
GameObject:
  m_ObjectHideFlags: 0
  m_CorrespondingSourceObject: {fileID: 0}
  m_PrefabInstance: {fileID: 0}
  m_PrefabAsset: {fileID: 0}
  serializedVersion: 6
  m_Component:
  - component: {fileID: 8272746921357767000}
  - component: {fileID: 7845260033203677560}
  - component: {fileID: 1883261756025663164}
  m_Layer: 13
  m_Name: RightArm
  m_TagString: Untagged
  m_Icon: {fileID: 0}
  m_NavMeshLayer: 0
  m_StaticEditorFlags: 0
  m_IsActive: 1
--- !u!4 &8272746921357767000
Transform:
  m_ObjectHideFlags: 0
  m_CorrespondingSourceObject: {fileID: 0}
  m_PrefabInstance: {fileID: 0}
  m_PrefabAsset: {fileID: 0}
  m_GameObject: {fileID: 3427627786073155077}
  m_LocalRotation: {x: -0, y: -0, z: -0, w: 1}
  m_LocalPosition: {x: 0, y: -3.8461537, z: 0}
  m_LocalScale: {x: 0.96153843, y: 7.6923075, z: 0.96153843}
  m_Children: []
  m_Father: {fileID: 2871821810476385035}
  m_RootOrder: 0
  m_LocalEulerAnglesHint: {x: 0, y: 0, z: 0}
--- !u!33 &7845260033203677560
MeshFilter:
  m_ObjectHideFlags: 0
  m_CorrespondingSourceObject: {fileID: 0}
  m_PrefabInstance: {fileID: 0}
  m_PrefabAsset: {fileID: 0}
  m_GameObject: {fileID: 3427627786073155077}
  m_Mesh: {fileID: 10202, guid: 0000000000000000e000000000000000, type: 0}
--- !u!23 &1883261756025663164
MeshRenderer:
  m_ObjectHideFlags: 0
  m_CorrespondingSourceObject: {fileID: 0}
  m_PrefabInstance: {fileID: 0}
  m_PrefabAsset: {fileID: 0}
  m_GameObject: {fileID: 3427627786073155077}
  m_Enabled: 0
  m_CastShadows: 0
  m_ReceiveShadows: 1
  m_DynamicOccludee: 1
  m_MotionVectors: 1
  m_LightProbeUsage: 1
  m_ReflectionProbeUsage: 1
  m_RayTracingMode: 2
  m_RenderingLayerMask: 1
  m_RendererPriority: 0
  m_Materials:
  - {fileID: 2100000, guid: 76a391d603c69874aaa5e97b9b32e7d8, type: 2}
  m_StaticBatchInfo:
    firstSubMesh: 0
    subMeshCount: 0
  m_StaticBatchRoot: {fileID: 0}
  m_ProbeAnchor: {fileID: 0}
  m_LightProbeVolumeOverride: {fileID: 0}
  m_ScaleInLightmap: 1
  m_ReceiveGI: 1
  m_PreserveUVs: 0
  m_IgnoreNormalsForChartDetection: 0
  m_ImportantGI: 0
  m_StitchLightmapSeams: 1
  m_SelectedEditorRenderState: 3
  m_MinimumChartSize: 4
  m_AutoUVMaxDistance: 0.5
  m_AutoUVMaxAngle: 89
  m_LightmapParameters: {fileID: 0}
  m_SortingLayerID: 0
  m_SortingLayer: 0
  m_SortingOrder: 0
--- !u!1 &3716956515684448197
GameObject:
  m_ObjectHideFlags: 0
  m_CorrespondingSourceObject: {fileID: 0}
  m_PrefabInstance: {fileID: 0}
  m_PrefabAsset: {fileID: 0}
  serializedVersion: 6
  m_Component:
  - component: {fileID: 1117247430887192921}
  - component: {fileID: 6425838669707406209}
  - component: {fileID: 5344868096188813021}
  m_Layer: 13
  m_Name: Body
  m_TagString: Untagged
  m_Icon: {fileID: 0}
  m_NavMeshLayer: 0
  m_StaticEditorFlags: 0
  m_IsActive: 1
--- !u!4 &1117247430887192921
Transform:
  m_ObjectHideFlags: 0
  m_CorrespondingSourceObject: {fileID: 0}
  m_PrefabInstance: {fileID: 0}
  m_PrefabAsset: {fileID: 0}
  m_GameObject: {fileID: 3716956515684448197}
  m_LocalRotation: {x: 0, y: 0, z: 0, w: 1}
  m_LocalPosition: {x: 0, y: 1.14, z: 0}
  m_LocalScale: {x: 0.5, y: 0.75, z: 0.5}
  m_Children:
  - {fileID: 1397906203335791545}
  m_Father: {fileID: 7637692359830730732}
  m_RootOrder: 0
  m_LocalEulerAnglesHint: {x: 0, y: 0, z: 0}
--- !u!33 &6425838669707406209
MeshFilter:
  m_ObjectHideFlags: 0
  m_CorrespondingSourceObject: {fileID: 0}
  m_PrefabInstance: {fileID: 0}
  m_PrefabAsset: {fileID: 0}
  m_GameObject: {fileID: 3716956515684448197}
  m_Mesh: {fileID: 10202, guid: 0000000000000000e000000000000000, type: 0}
--- !u!23 &5344868096188813021
MeshRenderer:
  m_ObjectHideFlags: 0
  m_CorrespondingSourceObject: {fileID: 0}
  m_PrefabInstance: {fileID: 0}
  m_PrefabAsset: {fileID: 0}
  m_GameObject: {fileID: 3716956515684448197}
  m_Enabled: 0
  m_CastShadows: 1
  m_ReceiveShadows: 1
  m_DynamicOccludee: 1
  m_MotionVectors: 1
  m_LightProbeUsage: 1
  m_ReflectionProbeUsage: 1
  m_RayTracingMode: 2
  m_RenderingLayerMask: 1
  m_RendererPriority: 0
  m_Materials:
  - {fileID: 2100000, guid: 76a391d603c69874aaa5e97b9b32e7d8, type: 2}
  m_StaticBatchInfo:
    firstSubMesh: 0
    subMeshCount: 0
  m_StaticBatchRoot: {fileID: 0}
  m_ProbeAnchor: {fileID: 0}
  m_LightProbeVolumeOverride: {fileID: 0}
  m_ScaleInLightmap: 1
  m_ReceiveGI: 1
  m_PreserveUVs: 0
  m_IgnoreNormalsForChartDetection: 0
  m_ImportantGI: 0
  m_StitchLightmapSeams: 1
  m_SelectedEditorRenderState: 3
  m_MinimumChartSize: 4
  m_AutoUVMaxDistance: 0.5
  m_AutoUVMaxAngle: 89
  m_LightmapParameters: {fileID: 0}
  m_SortingLayerID: 0
  m_SortingLayer: 0
  m_SortingOrder: 0
--- !u!114 &7995596233512209310
MonoBehaviour:
  m_ObjectHideFlags: 0
  m_CorrespondingSourceObject: {fileID: 0}
  m_PrefabInstance: {fileID: 0}
  m_PrefabAsset: {fileID: 0}
  m_GameObject: {fileID: 3825339670360320124}
  m_Enabled: 1
  m_EditorHideFlags: 0
  m_Script: {fileID: 11500000, guid: f9ac8d30c6a0d9642a11e5be4c440740, type: 3}
  m_Name: 
  m_EditorClassIdentifier: 
  m_Root: {fileID: 6948904778694017674}
  m_UpdateRate: 60
  m_UpdateMode: 0
  m_Damping: 0.2
  m_DampingDistrib:
    serializedVersion: 2
    m_Curve:
    - serializedVersion: 3
      time: 0
      value: 1
      inSlope: -0.75
      outSlope: -0.75
      tangentMode: 34
      weightedMode: 0
      inWeight: 0
      outWeight: 0.33333334
    - serializedVersion: 3
      time: 1
      value: 0.25
      inSlope: -0.75
      outSlope: -0.75
      tangentMode: 34
      weightedMode: 0
      inWeight: 0.33333334
      outWeight: 0
    m_PreInfinity: 2
    m_PostInfinity: 2
    m_RotationOrder: 4
  m_Elasticity: 0.01
  m_ElasticityDistrib:
    serializedVersion: 2
    m_Curve: []
    m_PreInfinity: 2
    m_PostInfinity: 2
    m_RotationOrder: 4
  m_Stiffness: 0
  m_StiffnessDistrib:
    serializedVersion: 2
    m_Curve: []
    m_PreInfinity: 2
    m_PostInfinity: 2
    m_RotationOrder: 4
  m_Inert: 0.75
  m_InertDistrib:
    serializedVersion: 2
    m_Curve: []
    m_PreInfinity: 2
    m_PostInfinity: 2
    m_RotationOrder: 4
  m_Radius: 0
  m_RadiusDistrib:
    serializedVersion: 2
    m_Curve: []
    m_PreInfinity: 2
    m_PostInfinity: 2
    m_RotationOrder: 4
  m_EndLength: 0
  m_EndOffset: {x: 0, y: 0, z: 0}
  m_Gravity: {x: 0, y: 0, z: 0}
  m_Force: {x: 0, y: 0, z: 0}
  m_Colliders: []
  m_Exclusions: []
  m_FreezeAxis: 0
  m_DistantDisable: 0
  m_ReferenceObject: {fileID: 0}
  m_DistanceToObject: 20
--- !u!1 &4464637429973689504
GameObject:
  m_ObjectHideFlags: 0
  m_CorrespondingSourceObject: {fileID: 0}
  m_PrefabInstance: {fileID: 0}
  m_PrefabAsset: {fileID: 0}
  serializedVersion: 6
  m_Component:
  - component: {fileID: 353361938651487502}
  - component: {fileID: 6183048583396592316}
  - component: {fileID: 9045525167341565481}
  m_Layer: 13
  m_Name: Mod_L_Leg
  m_TagString: Untagged
  m_Icon: {fileID: 0}
  m_NavMeshLayer: 0
  m_StaticEditorFlags: 0
  m_IsActive: 1
--- !u!4 &353361938651487502
Transform:
  m_ObjectHideFlags: 0
  m_CorrespondingSourceObject: {fileID: 0}
  m_PrefabInstance: {fileID: 0}
  m_PrefabAsset: {fileID: 0}
  m_GameObject: {fileID: 4464637429973689504}
  m_LocalRotation: {x: -0.7071068, y: -0, z: -0, w: 0.7071068}
  m_LocalPosition: {x: -1.0094798, y: 0.1090322, z: 1.4142222}
  m_LocalScale: {x: 10, y: 10, z: 1.333334}
  m_Children: []
  m_Father: {fileID: 8950321304470096524}
  m_RootOrder: 0
  m_LocalEulerAnglesHint: {x: 0, y: 0, z: 0}
--- !u!33 &6183048583396592316
MeshFilter:
  m_ObjectHideFlags: 0
  m_CorrespondingSourceObject: {fileID: 0}
  m_PrefabInstance: {fileID: 0}
  m_PrefabAsset: {fileID: 0}
  m_GameObject: {fileID: 4464637429973689504}
  m_Mesh: {fileID: 0}
--- !u!23 &9045525167341565481
MeshRenderer:
  m_ObjectHideFlags: 0
  m_CorrespondingSourceObject: {fileID: 0}
  m_PrefabInstance: {fileID: 0}
  m_PrefabAsset: {fileID: 0}
  m_GameObject: {fileID: 4464637429973689504}
  m_Enabled: 1
  m_CastShadows: 1
  m_ReceiveShadows: 1
  m_DynamicOccludee: 1
  m_MotionVectors: 1
  m_LightProbeUsage: 1
  m_ReflectionProbeUsage: 1
  m_RayTracingMode: 2
  m_RenderingLayerMask: 1
  m_RendererPriority: 0
  m_Materials:
  - {fileID: 0}
  - {fileID: 0}
  - {fileID: 0}
  - {fileID: 0}
  - {fileID: 0}
  - {fileID: 0}
  m_StaticBatchInfo:
    firstSubMesh: 0
    subMeshCount: 0
  m_StaticBatchRoot: {fileID: 0}
  m_ProbeAnchor: {fileID: 0}
  m_LightProbeVolumeOverride: {fileID: 0}
  m_ScaleInLightmap: 1
  m_ReceiveGI: 1
  m_PreserveUVs: 0
  m_IgnoreNormalsForChartDetection: 0
  m_ImportantGI: 0
  m_StitchLightmapSeams: 1
  m_SelectedEditorRenderState: 3
  m_MinimumChartSize: 4
  m_AutoUVMaxDistance: 0.5
  m_AutoUVMaxAngle: 89
  m_LightmapParameters: {fileID: 0}
  m_SortingLayerID: 0
  m_SortingLayer: 0
  m_SortingOrder: 0
--- !u!1 &5331480811692382414
GameObject:
  m_ObjectHideFlags: 0
  m_CorrespondingSourceObject: {fileID: 0}
  m_PrefabInstance: {fileID: 0}
  m_PrefabAsset: {fileID: 0}
  serializedVersion: 6
  m_Component:
  - component: {fileID: 7637692359830730732}
  - component: {fileID: 1929174672520290871}
  - component: {fileID: 1515386425132397975}
  - component: {fileID: 2394587095192317180}
  - component: {fileID: 8612955869707400446}
  - component: {fileID: 5190462340496126163}
  - component: {fileID: 5904335488688910759}
  m_Layer: 13
  m_Name: OldPlayerModel
  m_TagString: Untagged
  m_Icon: {fileID: 0}
  m_NavMeshLayer: 0
  m_StaticEditorFlags: 0
  m_IsActive: 1
--- !u!4 &7637692359830730732
Transform:
  m_ObjectHideFlags: 0
  m_CorrespondingSourceObject: {fileID: 0}
  m_PrefabInstance: {fileID: 0}
  m_PrefabAsset: {fileID: 0}
  m_GameObject: {fileID: 5331480811692382414}
  m_LocalRotation: {x: 0, y: 0, z: 0, w: 1}
  m_LocalPosition: {x: 0, y: 0, z: 0}
  m_LocalScale: {x: 1, y: 1, z: 1}
  m_Children:
  - {fileID: 1117247430887192921}
  - {fileID: 2871821810476385035}
  - {fileID: 6290405457733223954}
  - {fileID: 2494256107444069632}
  - {fileID: 1792299026170069997}
  - {fileID: 2392706146801066893}
  m_Father: {fileID: 0}
  m_RootOrder: 0
  m_LocalEulerAnglesHint: {x: 0, y: 0, z: 0}
--- !u!114 &1929174672520290871
MonoBehaviour:
  m_ObjectHideFlags: 0
  m_CorrespondingSourceObject: {fileID: 0}
  m_PrefabInstance: {fileID: 0}
  m_PrefabAsset: {fileID: 0}
  m_GameObject: {fileID: 5331480811692382414}
  m_Enabled: 1
  m_EditorHideFlags: 0
  m_Script: {fileID: 11500000, guid: f9ac8d30c6a0d9642a11e5be4c440740, type: 3}
  m_Name: 
  m_EditorClassIdentifier: 
  m_Root: {fileID: 0}
  m_UpdateRate: 60
  m_UpdateMode: 0
  m_Damping: 0.2
  m_DampingDistrib:
    serializedVersion: 2
    m_Curve:
    - serializedVersion: 3
      time: 0
      value: 1
      inSlope: -0.75
      outSlope: -0.75
      tangentMode: 34
      weightedMode: 0
      inWeight: 0
      outWeight: 0.33333334
    - serializedVersion: 3
      time: 1
      value: 0.25
      inSlope: -0.75
      outSlope: -0.75
      tangentMode: 34
      weightedMode: 0
      inWeight: 0.33333334
      outWeight: 0
    m_PreInfinity: 2
    m_PostInfinity: 2
    m_RotationOrder: 4
  m_Elasticity: 0.01
  m_ElasticityDistrib:
    serializedVersion: 2
    m_Curve: []
    m_PreInfinity: 2
    m_PostInfinity: 2
    m_RotationOrder: 4
  m_Stiffness: 0
  m_StiffnessDistrib:
    serializedVersion: 2
    m_Curve: []
    m_PreInfinity: 2
    m_PostInfinity: 2
    m_RotationOrder: 4
  m_Inert: 0.75
  m_InertDistrib:
    serializedVersion: 2
    m_Curve: []
    m_PreInfinity: 2
    m_PostInfinity: 2
    m_RotationOrder: 4
  m_Radius: 0
  m_RadiusDistrib:
    serializedVersion: 2
    m_Curve: []
    m_PreInfinity: 2
    m_PostInfinity: 2
    m_RotationOrder: 4
  m_EndLength: 0
  m_EndOffset: {x: 0, y: 0, z: 0}
  m_Gravity: {x: 0, y: 0, z: 0}
  m_Force: {x: 0, y: 0, z: 0}
  m_Colliders: []
  m_Exclusions: []
  m_FreezeAxis: 0
  m_DistantDisable: 0
  m_ReferenceObject: {fileID: 0}
  m_DistanceToObject: 20
--- !u!95 &1515386425132397975
Animator:
  serializedVersion: 3
  m_ObjectHideFlags: 0
  m_CorrespondingSourceObject: {fileID: 0}
  m_PrefabInstance: {fileID: 0}
  m_PrefabAsset: {fileID: 0}
  m_GameObject: {fileID: 5331480811692382414}
  m_Enabled: 1
  m_Avatar: {fileID: 9000000, guid: 624f6dd7f811aa342b5145148bda7042, type: 2}
  m_Controller: {fileID: 9100000, guid: cfe00a8c9b55eb0489ab2b347ac0c597, type: 2}
  m_CullingMode: 0
  m_UpdateMode: 0
  m_ApplyRootMotion: 0
  m_LinearVelocityBlending: 0
  m_WarningMessage: 
  m_HasTransformHierarchy: 1
  m_AllowConstantClipSamplingOptimization: 1
  m_KeepAnimatorControllerStateOnDisable: 0
--- !u!114 &2394587095192317180
MonoBehaviour:
  m_ObjectHideFlags: 0
  m_CorrespondingSourceObject: {fileID: 0}
  m_PrefabInstance: {fileID: 0}
  m_PrefabAsset: {fileID: 0}
  m_GameObject: {fileID: 5331480811692382414}
  m_Enabled: 1
  m_EditorHideFlags: 0
  m_Script: {fileID: 11500000, guid: a7765db2a0d24dd4496d4892f4016447, type: 3}
  m_Name: 
  m_EditorClassIdentifier: 
  m_attackControl: {fileID: 0}
--- !u!114 &8612955869707400446
MonoBehaviour:
  m_ObjectHideFlags: 0
  m_CorrespondingSourceObject: {fileID: 0}
  m_PrefabInstance: {fileID: 0}
  m_PrefabAsset: {fileID: 0}
  m_GameObject: {fileID: 5331480811692382414}
  m_Enabled: 1
  m_EditorHideFlags: 0
  m_Script: {fileID: 11500000, guid: bd4d9060be20e0843a80332de5f724b7, type: 3}
  m_Name: 
  m_EditorClassIdentifier: 
  Press_Button_A:
    idInternal: 0
    valueGuidInternal: 
    WwiseObjectReference: {fileID: 0}
  Press_Button_X:
    idInternal: 0
    valueGuidInternal: 
    WwiseObjectReference: {fileID: 0}
  Press_Button_LB:
    idInternal: 0
    valueGuidInternal: 
    WwiseObjectReference: {fileID: 0}
  Press_Button_RT:
    idInternal: 0
    valueGuidInternal: 
    WwiseObjectReference: {fileID: 0}
  Hold_Button_A:
    idInternal: 0
    valueGuidInternal: 
    WwiseObjectReference: {fileID: 0}
  Hold_Button_LT:
    idInternal: 0
    valueGuidInternal: 
    WwiseObjectReference: {fileID: 0}
  NoDash_Feedback:
    idInternal: 0
    valueGuidInternal: 
    WwiseObjectReference: {fileID: 0}
  Load_Dash:
    idInternal: 0
    valueGuidInternal: 
    WwiseObjectReference: {fileID: 0}
  Health_Full:
    idInternal: 0
    valueGuidInternal: 
    WwiseObjectReference: {fileID: 0}
  Low_Health:
    idInternal: 0
    valueGuidInternal: 
    WwiseObjectReference: {fileID: 0}
  Lose_Health:
    idInternal: 0
    valueGuidInternal: 
    WwiseObjectReference: {fileID: 0}
  Stop_LowHealth:
    idInternal: 0
    valueGuidInternal: 
    WwiseObjectReference: {fileID: 0}
  Health_Activate:
    idInternal: 0
    valueGuidInternal: 
    WwiseObjectReference: {fileID: 0}
  Dash:
    idInternal: 0
    valueGuidInternal: 
    WwiseObjectReference: {fileID: 11400000, guid: 0ca0f6d11017abd4089e0598c6a062d2,
      type: 2}
  DashEnergyTrail:
    idInternal: 0
    valueGuidInternal: 
    WwiseObjectReference: {fileID: 11400000, guid: f27dc1980855ae84380bcd3145fe2864,
      type: 2}
  FootstepsMetal:
    idInternal: 0
    valueGuidInternal: 
    WwiseObjectReference: {fileID: 11400000, guid: 25c8b0bec1288c84b908f1baf8e44660,
      type: 2}
  SwordBlock:
    idInternal: 0
    valueGuidInternal: 
    WwiseObjectReference: {fileID: 11400000, guid: 4045876e609ccfe488c0f2de45e02a0e,
      type: 2}
  PlayerDying:
    idInternal: 0
    valueGuidInternal: 
    WwiseObjectReference: {fileID: 11400000, guid: bf373d5c3e3917c49af8c9613b805fe9,
      type: 2}
  PlayerDeath:
    idInternal: 0
    valueGuidInternal: 
    WwiseObjectReference: {fileID: 11400000, guid: bd6a09e7e8788074590071d0e7d3a9d7,
      type: 2}
  WeaponImpact:
    idInternal: 0
    valueGuidInternal: 
    WwiseObjectReference: {fileID: 0}
  P01TakeDamage:
    idInternal: 0
    valueGuidInternal: 
    WwiseObjectReference: {fileID: 11400000, guid: 7048d23e2ac65b74482edd58f152887d,
      type: 2}
  FastWeaponSwingShort:
    idInternal: 0
    valueGuidInternal: 
    WwiseObjectReference: {fileID: 11400000, guid: 7d57df319c58ef5489534441dd708589,
      type: 2}
  FastWeaponSwingLong:
    idInternal: 0
    valueGuidInternal: 
    WwiseObjectReference: {fileID: 11400000, guid: d1ae428f7c8a02b44a82358267cb2a22,
      type: 2}
  FastWeaponThrow:
    idInternal: 0
    valueGuidInternal: 
    WwiseObjectReference: {fileID: 0}
  Gunshot:
    idInternal: 0
    valueGuidInternal: 
    WwiseObjectReference: {fileID: 0}
  BRTakeDamage:
    idInternal: 0
    valueGuidInternal: 
    WwiseObjectReference: {fileID: 0}
  Footsteps:
    idInternal: 0
    valueGuidInternal: 
    WwiseObjectReference: {fileID: 0}
  ArmMoveDown:
    idInternal: 0
    valueGuidInternal: 
    WwiseObjectReference: {fileID: 0}
  ArmMoveUp:
    idInternal: 0
    valueGuidInternal: 
    WwiseObjectReference: {fileID: 0}
  MovementWalk:
    idInternal: 0
    valueGuidInternal: 
    WwiseObjectReference: {fileID: 0}
  JumpAttackStart:
    idInternal: 0
    valueGuidInternal: 
    WwiseObjectReference: {fileID: 0}
  JumpAttackEnd:
    idInternal: 0
    valueGuidInternal: 
    WwiseObjectReference: {fileID: 0}
  VoicesDamage:
    idInternal: 0
    valueGuidInternal: 
    WwiseObjectReference: {fileID: 0}
  VoicesDestroy:
    idInternal: 0
    valueGuidInternal: 
    WwiseObjectReference: {fileID: 0}
  VoicesIgnition:
    idInternal: 0
    valueGuidInternal: 
    WwiseObjectReference: {fileID: 0}
  VoicesShield:
    idInternal: 0
    valueGuidInternal: 
    WwiseObjectReference: {fileID: 0}
  VoicesShoot:
    idInternal: 0
    valueGuidInternal: 
    WwiseObjectReference: {fileID: 0}
  Death:
    idInternal: 0
    valueGuidInternal: 
    WwiseObjectReference: {fileID: 0}
  MovementArms:
    idInternal: 0
    valueGuidInternal: 
    WwiseObjectReference: {fileID: 0}
  SRTakeDamage:
    idInternal: 0
    valueGuidInternal: 
    WwiseObjectReference: {fileID: 0}
  SRWalk:
    idInternal: 0
    valueGuidInternal: 
    WwiseObjectReference: {fileID: 0}
  ActivateSpikes:
    idInternal: 0
    valueGuidInternal: 
    WwiseObjectReference: {fileID: 0}
  ShowSpikes:
    idInternal: 0
    valueGuidInternal: 
    WwiseObjectReference: {fileID: 0}
  HoloBridgeDeactivate:
    idInternal: 0
    valueGuidInternal: 
    WwiseObjectReference: {fileID: 0}
  HoloBridgeIdle:
    idInternal: 0
    valueGuidInternal: 
    WwiseObjectReference: {fileID: 0}
  HoloWallsIdle:
    idInternal: 0
    valueGuidInternal: 
    WwiseObjectReference: {fileID: 0}
  GameOverJingle:
    idInternal: 0
    valueGuidInternal: 
    WwiseObjectReference: {fileID: 0}
--- !u!114 &5190462340496126163
MonoBehaviour:
  m_ObjectHideFlags: 0
  m_CorrespondingSourceObject: {fileID: 0}
  m_PrefabInstance: {fileID: 0}
  m_PrefabAsset: {fileID: 0}
  m_GameObject: {fileID: 5331480811692382414}
  m_Enabled: 1
  m_EditorHideFlags: 0
  m_Script: {fileID: 11500000, guid: 32a09c8b6e03e3346a7b6d089519788a, type: 3}
  m_Name: 
  m_EditorClassIdentifier: 
  m_colliderParent: {fileID: 2778250837204044449}
  m_connectActions:
    m_PersistentCalls:
      m_Calls:
      - m_Target: {fileID: 8034858911692631375}
        m_MethodName: SetAssociatedObject
        m_Mode: 0
        m_Arguments:
          m_ObjectArgument: {fileID: 0}
          m_ObjectArgumentAssemblyTypeName: UnityEngine.Object, UnityEngine
          m_IntArgument: 0
          m_FloatArgument: 0
          m_StringArgument: 
          m_BoolArgument: 0
        m_CallState: 2
--- !u!114 &5904335488688910759
MonoBehaviour:
  m_ObjectHideFlags: 0
  m_CorrespondingSourceObject: {fileID: 0}
  m_PrefabInstance: {fileID: 0}
  m_PrefabAsset: {fileID: 0}
  m_GameObject: {fileID: 5331480811692382414}
  m_Enabled: 1
  m_EditorHideFlags: 0
  m_Script: {fileID: 11500000, guid: 58731293236dd63408b891c3507e90ea, type: 3}
  m_Name: 
  m_EditorClassIdentifier: 
  m_listeners:
    initialListenerList: []
    useDefaultListeners: 1
  isEnvironmentAware: 1
  isStaticObject: 0
  m_positionOffsetData:
    KeepMe: 0
    positionOffset: {x: 0, y: 0, z: 0}
  m_posOffsetData: {fileID: 0}
  listenerMask: 1
--- !u!1 &5724685720950715078
GameObject:
  m_ObjectHideFlags: 0
  m_CorrespondingSourceObject: {fileID: 0}
  m_PrefabInstance: {fileID: 0}
  m_PrefabAsset: {fileID: 0}
  serializedVersion: 6
  m_Component:
  - component: {fileID: 2699634032555033663}
  m_Layer: 13
  m_Name: LegLJoint
  m_TagString: Untagged
  m_Icon: {fileID: 0}
  m_NavMeshLayer: 0
  m_StaticEditorFlags: 0
  m_IsActive: 1
--- !u!4 &2699634032555033663
Transform:
  m_ObjectHideFlags: 0
  m_CorrespondingSourceObject: {fileID: 0}
  m_PrefabInstance: {fileID: 0}
  m_PrefabAsset: {fileID: 0}
  m_GameObject: {fileID: 5724685720950715078}
  m_LocalRotation: {x: 0, y: 0, z: 0, w: 1}
  m_LocalPosition: {x: -0.14, y: 0, z: 0}
  m_LocalScale: {x: 1, y: 1, z: 1}
  m_Children:
  - {fileID: 8950321304470096524}
  m_Father: {fileID: 1792299026170069997}
  m_RootOrder: 1
  m_LocalEulerAnglesHint: {x: 0, y: 0, z: 0}
--- !u!1 &5902579007405536370
GameObject:
  m_ObjectHideFlags: 0
  m_CorrespondingSourceObject: {fileID: 0}
  m_PrefabInstance: {fileID: 0}
  m_PrefabAsset: {fileID: 0}
  serializedVersion: 6
  m_Component:
  - component: {fileID: 5733193317149312795}
  m_Layer: 13
  m_Name: RightHand
  m_TagString: Untagged
  m_Icon: {fileID: 0}
  m_NavMeshLayer: 0
  m_StaticEditorFlags: 0
  m_IsActive: 1
--- !u!4 &5733193317149312795
Transform:
  m_ObjectHideFlags: 0
  m_CorrespondingSourceObject: {fileID: 0}
  m_PrefabInstance: {fileID: 0}
  m_PrefabAsset: {fileID: 0}
  m_GameObject: {fileID: 5902579007405536370}
  m_LocalRotation: {x: -0, y: -0, z: -0, w: 1}
  m_LocalPosition: {x: 1, y: -6, z: 0}
  m_LocalScale: {x: 1, y: 1, z: 1}
  m_Children: []
  m_Father: {fileID: 2871821810476385035}
  m_RootOrder: 2
  m_LocalEulerAnglesHint: {x: 0, y: 0, z: 0}
--- !u!1 &5905320981301243516
GameObject:
  m_ObjectHideFlags: 0
  m_CorrespondingSourceObject: {fileID: 0}
  m_PrefabInstance: {fileID: 0}
  m_PrefabAsset: {fileID: 0}
  serializedVersion: 6
  m_Component:
  - component: {fileID: 2494256107444069632}
  m_Layer: 13
  m_Name: HeadRoot
  m_TagString: Untagged
  m_Icon: {fileID: 0}
  m_NavMeshLayer: 0
  m_StaticEditorFlags: 0
  m_IsActive: 1
--- !u!4 &2494256107444069632
Transform:
  m_ObjectHideFlags: 0
  m_CorrespondingSourceObject: {fileID: 0}
  m_PrefabInstance: {fileID: 0}
  m_PrefabAsset: {fileID: 0}
  m_GameObject: {fileID: 5905320981301243516}
  m_LocalRotation: {x: 0, y: 0, z: 0, w: 1}
  m_LocalPosition: {x: 0, y: 1.5, z: 0}
  m_LocalScale: {x: 1, y: 1, z: 1}
  m_Children:
  - {fileID: 1182279601660790385}
  - {fileID: 237863884334013039}
  m_Father: {fileID: 7637692359830730732}
  m_RootOrder: 3
  m_LocalEulerAnglesHint: {x: 0, y: 0, z: 0}
--- !u!1 &6545460289939492810
GameObject:
  m_ObjectHideFlags: 0
  m_CorrespondingSourceObject: {fileID: 0}
  m_PrefabInstance: {fileID: 0}
  m_PrefabAsset: {fileID: 0}
  serializedVersion: 6
  m_Component:
  - component: {fileID: 9200727300483307903}
  - component: {fileID: 4414678914097408448}
  - component: {fileID: 8224879349024056411}
  m_Layer: 13
  m_Name: Mod_L_Hand
  m_TagString: Untagged
  m_Icon: {fileID: 0}
  m_NavMeshLayer: 0
  m_StaticEditorFlags: 0
  m_IsActive: 1
--- !u!4 &9200727300483307903
Transform:
  m_ObjectHideFlags: 0
  m_CorrespondingSourceObject: {fileID: 0}
  m_PrefabInstance: {fileID: 0}
  m_PrefabAsset: {fileID: 0}
  m_GameObject: {fileID: 6545460289939492810}
  m_LocalRotation: {x: -0.70411277, y: -0.10531826, z: 0.10498841, w: 0.694342}
  m_LocalPosition: {x: -1.36, y: -3.0733428, z: -0.32849327}
  m_LocalScale: {x: 7.6923075, y: 7.6923113, z: 7.6923113}
  m_Children: []
  m_Father: {fileID: 6290405457733223954}
  m_RootOrder: 1
  m_LocalEulerAnglesHint: {x: -107.12299, y: 87.326, z: -87.354004}
--- !u!33 &4414678914097408448
MeshFilter:
  m_ObjectHideFlags: 0
  m_CorrespondingSourceObject: {fileID: 0}
  m_PrefabInstance: {fileID: 0}
  m_PrefabAsset: {fileID: 0}
  m_GameObject: {fileID: 6545460289939492810}
  m_Mesh: {fileID: 0}
--- !u!23 &8224879349024056411
MeshRenderer:
  m_ObjectHideFlags: 0
  m_CorrespondingSourceObject: {fileID: 0}
  m_PrefabInstance: {fileID: 0}
  m_PrefabAsset: {fileID: 0}
  m_GameObject: {fileID: 6545460289939492810}
  m_Enabled: 1
  m_CastShadows: 1
  m_ReceiveShadows: 1
  m_DynamicOccludee: 1
  m_MotionVectors: 1
  m_LightProbeUsage: 1
  m_ReflectionProbeUsage: 1
  m_RayTracingMode: 2
  m_RenderingLayerMask: 1
  m_RendererPriority: 0
  m_Materials:
  - {fileID: 0}
  - {fileID: 0}
  - {fileID: 0}
  - {fileID: 0}
  - {fileID: 0}
  - {fileID: 0}
  m_StaticBatchInfo:
    firstSubMesh: 0
    subMeshCount: 0
  m_StaticBatchRoot: {fileID: 0}
  m_ProbeAnchor: {fileID: 0}
  m_LightProbeVolumeOverride: {fileID: 0}
  m_ScaleInLightmap: 1
  m_ReceiveGI: 1
  m_PreserveUVs: 0
  m_IgnoreNormalsForChartDetection: 0
  m_ImportantGI: 0
  m_StitchLightmapSeams: 1
  m_SelectedEditorRenderState: 3
  m_MinimumChartSize: 4
  m_AutoUVMaxDistance: 0.5
  m_AutoUVMaxAngle: 89
  m_LightmapParameters: {fileID: 0}
  m_SortingLayerID: 0
  m_SortingLayer: 0
  m_SortingOrder: 0
--- !u!1 &7284505267061655171
GameObject:
  m_ObjectHideFlags: 0
  m_CorrespondingSourceObject: {fileID: 0}
  m_PrefabInstance: {fileID: 0}
  m_PrefabAsset: {fileID: 0}
  serializedVersion: 6
  m_Component:
  - component: {fileID: 723284097557038292}
  - component: {fileID: 1519054206501916024}
  - component: {fileID: 6338558946715096142}
  m_Layer: 13
  m_Name: LeftArm
  m_TagString: Untagged
  m_Icon: {fileID: 0}
  m_NavMeshLayer: 0
  m_StaticEditorFlags: 0
  m_IsActive: 1
--- !u!4 &723284097557038292
Transform:
  m_ObjectHideFlags: 0
  m_CorrespondingSourceObject: {fileID: 0}
  m_PrefabInstance: {fileID: 0}
  m_PrefabAsset: {fileID: 0}
  m_GameObject: {fileID: 7284505267061655171}
  m_LocalRotation: {x: -0, y: -0, z: -0, w: 1}
  m_LocalPosition: {x: 0, y: -3.8461537, z: 0}
  m_LocalScale: {x: 0.96153843, y: 7.6923075, z: 0.96153843}
  m_Children: []
  m_Father: {fileID: 6290405457733223954}
  m_RootOrder: 0
  m_LocalEulerAnglesHint: {x: 0, y: 0, z: 0}
--- !u!33 &1519054206501916024
MeshFilter:
  m_ObjectHideFlags: 0
  m_CorrespondingSourceObject: {fileID: 0}
  m_PrefabInstance: {fileID: 0}
  m_PrefabAsset: {fileID: 0}
  m_GameObject: {fileID: 7284505267061655171}
  m_Mesh: {fileID: 10202, guid: 0000000000000000e000000000000000, type: 0}
--- !u!23 &6338558946715096142
MeshRenderer:
  m_ObjectHideFlags: 0
  m_CorrespondingSourceObject: {fileID: 0}
  m_PrefabInstance: {fileID: 0}
  m_PrefabAsset: {fileID: 0}
  m_GameObject: {fileID: 7284505267061655171}
  m_Enabled: 0
  m_CastShadows: 0
  m_ReceiveShadows: 1
  m_DynamicOccludee: 1
  m_MotionVectors: 1
  m_LightProbeUsage: 1
  m_ReflectionProbeUsage: 1
  m_RayTracingMode: 2
  m_RenderingLayerMask: 1
  m_RendererPriority: 0
  m_Materials:
  - {fileID: 2100000, guid: 76a391d603c69874aaa5e97b9b32e7d8, type: 2}
  m_StaticBatchInfo:
    firstSubMesh: 0
    subMeshCount: 0
  m_StaticBatchRoot: {fileID: 0}
  m_ProbeAnchor: {fileID: 0}
  m_LightProbeVolumeOverride: {fileID: 0}
  m_ScaleInLightmap: 1
  m_ReceiveGI: 1
  m_PreserveUVs: 0
  m_IgnoreNormalsForChartDetection: 0
  m_ImportantGI: 0
  m_StitchLightmapSeams: 1
  m_SelectedEditorRenderState: 3
  m_MinimumChartSize: 4
  m_AutoUVMaxDistance: 0.5
  m_AutoUVMaxAngle: 89
  m_LightmapParameters: {fileID: 0}
  m_SortingLayerID: 0
  m_SortingLayer: 0
  m_SortingOrder: 0
--- !u!1 &8336178824889126951
GameObject:
  m_ObjectHideFlags: 0
  m_CorrespondingSourceObject: {fileID: 0}
  m_PrefabInstance: {fileID: 0}
  m_PrefabAsset: {fileID: 0}
  serializedVersion: 6
  m_Component:
  - component: {fileID: 7383141240645997804}
  - component: {fileID: 8705981803528902272}
  - component: {fileID: 1718507730721127305}
  m_Layer: 13
  m_Name: LegR
  m_TagString: Untagged
  m_Icon: {fileID: 0}
  m_NavMeshLayer: 0
  m_StaticEditorFlags: 0
  m_IsActive: 1
--- !u!4 &7383141240645997804
Transform:
  m_ObjectHideFlags: 0
  m_CorrespondingSourceObject: {fileID: 0}
  m_PrefabInstance: {fileID: 0}
  m_PrefabAsset: {fileID: 0}
  m_GameObject: {fileID: 8336178824889126951}
  m_LocalRotation: {x: 0, y: 0, z: 0, w: 1}
  m_LocalPosition: {x: 0, y: -0.375, z: 0}
  m_LocalScale: {x: 0.1, y: 0.75, z: 0.1}
  m_Children:
  - {fileID: 2259425419392548457}
  m_Father: {fileID: 6488604513397208941}
  m_RootOrder: 0
  m_LocalEulerAnglesHint: {x: 0, y: 0, z: 0}
--- !u!33 &8705981803528902272
MeshFilter:
  m_ObjectHideFlags: 0
  m_CorrespondingSourceObject: {fileID: 0}
  m_PrefabInstance: {fileID: 0}
  m_PrefabAsset: {fileID: 0}
  m_GameObject: {fileID: 8336178824889126951}
  m_Mesh: {fileID: 10202, guid: 0000000000000000e000000000000000, type: 0}
--- !u!23 &1718507730721127305
MeshRenderer:
  m_ObjectHideFlags: 0
  m_CorrespondingSourceObject: {fileID: 0}
  m_PrefabInstance: {fileID: 0}
  m_PrefabAsset: {fileID: 0}
  m_GameObject: {fileID: 8336178824889126951}
  m_Enabled: 0
  m_CastShadows: 1
  m_ReceiveShadows: 1
  m_DynamicOccludee: 1
  m_MotionVectors: 1
  m_LightProbeUsage: 1
  m_ReflectionProbeUsage: 1
  m_RayTracingMode: 2
  m_RenderingLayerMask: 1
  m_RendererPriority: 0
  m_Materials:
  - {fileID: 2100000, guid: 76a391d603c69874aaa5e97b9b32e7d8, type: 2}
  m_StaticBatchInfo:
    firstSubMesh: 0
    subMeshCount: 0
  m_StaticBatchRoot: {fileID: 0}
  m_ProbeAnchor: {fileID: 0}
  m_LightProbeVolumeOverride: {fileID: 0}
  m_ScaleInLightmap: 1
  m_ReceiveGI: 1
  m_PreserveUVs: 0
  m_IgnoreNormalsForChartDetection: 0
  m_ImportantGI: 0
  m_StitchLightmapSeams: 1
  m_SelectedEditorRenderState: 3
  m_MinimumChartSize: 4
  m_AutoUVMaxDistance: 0.5
  m_AutoUVMaxAngle: 89
  m_LightmapParameters: {fileID: 0}
  m_SortingLayerID: 0
  m_SortingLayer: 0
  m_SortingOrder: 0
--- !u!1 &8345139855469033437
GameObject:
  m_ObjectHideFlags: 0
  m_CorrespondingSourceObject: {fileID: 0}
  m_PrefabInstance: {fileID: 0}
  m_PrefabAsset: {fileID: 0}
  serializedVersion: 6
  m_Component:
  - component: {fileID: 251267816865605583}
  m_Layer: 13
  m_Name: LeftHand
  m_TagString: Untagged
  m_Icon: {fileID: 0}
  m_NavMeshLayer: 0
  m_StaticEditorFlags: 0
  m_IsActive: 1
--- !u!4 &251267816865605583
Transform:
  m_ObjectHideFlags: 0
  m_CorrespondingSourceObject: {fileID: 0}
  m_PrefabInstance: {fileID: 0}
  m_PrefabAsset: {fileID: 0}
  m_GameObject: {fileID: 8345139855469033437}
  m_LocalRotation: {x: -0, y: -0, z: -0, w: 1}
  m_LocalPosition: {x: -1, y: -6, z: 0}
  m_LocalScale: {x: 1, y: 1, z: 1}
  m_Children: []
  m_Father: {fileID: 6290405457733223954}
  m_RootOrder: 2
  m_LocalEulerAnglesHint: {x: 0, y: 0, z: 0}
--- !u!1 &8499914080050630550
GameObject:
  m_ObjectHideFlags: 0
  m_CorrespondingSourceObject: {fileID: 0}
  m_PrefabInstance: {fileID: 0}
  m_PrefabAsset: {fileID: 0}
  serializedVersion: 6
  m_Component:
  - component: {fileID: 1792299026170069997}
  m_Layer: 13
  m_Name: Hip
  m_TagString: Untagged
  m_Icon: {fileID: 0}
  m_NavMeshLayer: 0
  m_StaticEditorFlags: 0
  m_IsActive: 1
--- !u!4 &1792299026170069997
Transform:
  m_ObjectHideFlags: 0
  m_CorrespondingSourceObject: {fileID: 0}
  m_PrefabInstance: {fileID: 0}
  m_PrefabAsset: {fileID: 0}
  m_GameObject: {fileID: 8499914080050630550}
  m_LocalRotation: {x: 0, y: 0, z: 0, w: 1}
  m_LocalPosition: {x: 0, y: 0.75, z: 0}
  m_LocalScale: {x: 1, y: 1, z: 1}
  m_Children:
  - {fileID: 6488604513397208941}
  - {fileID: 2699634032555033663}
  m_Father: {fileID: 7637692359830730732}
  m_RootOrder: 4
  m_LocalEulerAnglesHint: {x: 0, y: 0, z: 0}
--- !u!1 &9027782120916209413
GameObject:
  m_ObjectHideFlags: 0
  m_CorrespondingSourceObject: {fileID: 0}
  m_PrefabInstance: {fileID: 0}
  m_PrefabAsset: {fileID: 0}
  serializedVersion: 6
  m_Component:
  - component: {fileID: 6290405457733223954}
  m_Layer: 13
  m_Name: LeftElbow
  m_TagString: Untagged
  m_Icon: {fileID: 0}
  m_NavMeshLayer: 0
  m_StaticEditorFlags: 0
  m_IsActive: 1
--- !u!4 &6290405457733223954
Transform:
  m_ObjectHideFlags: 0
  m_CorrespondingSourceObject: {fileID: 0}
  m_PrefabInstance: {fileID: 0}
  m_PrefabAsset: {fileID: 0}
  m_GameObject: {fileID: 9027782120916209413}
  m_LocalRotation: {x: 0, y: 0, z: 0, w: 1}
  m_LocalPosition: {x: -0.3, y: 1.5, z: 0}
  m_LocalScale: {x: 0.13, y: 0.13, z: 0.13}
  m_Children:
  - {fileID: 723284097557038292}
  - {fileID: 9200727300483307903}
  - {fileID: 251267816865605583}
  m_Father: {fileID: 7637692359830730732}
  m_RootOrder: 2
  m_LocalEulerAnglesHint: {x: 0, y: 0, z: 0}
--- !u!1001 &5059718589037556085
PrefabInstance:
  m_ObjectHideFlags: 0
  serializedVersion: 2
  m_Modification:
    m_TransformParent: {fileID: 2494256107444069632}
    m_Modifications:
    - target: {fileID: -9187308824359138753, guid: 30c881b32e9e6d140aa9560cf0b16f84,
        type: 3}
      propertyPath: m_LocalRotation.x
      value: 0.04279622
      objectReference: {fileID: 0}
    - target: {fileID: -9187308824359138753, guid: 30c881b32e9e6d140aa9560cf0b16f84,
        type: 3}
      propertyPath: m_LocalRotation.y
      value: -0.3905145
      objectReference: {fileID: 0}
    - target: {fileID: -9187308824359138753, guid: 30c881b32e9e6d140aa9560cf0b16f84,
        type: 3}
      propertyPath: m_LocalRotation.z
      value: 0.00000026077032
      objectReference: {fileID: 0}
    - target: {fileID: -9187308824359138753, guid: 30c881b32e9e6d140aa9560cf0b16f84,
        type: 3}
      propertyPath: m_LocalRotation.w
      value: 0.9196015
      objectReference: {fileID: 0}
    - target: {fileID: -9187308824359138753, guid: 30c881b32e9e6d140aa9560cf0b16f84,
        type: 3}
      propertyPath: m_LocalEulerAnglesHint.x
      value: 4.5140004
      objectReference: {fileID: 0}
    - target: {fileID: -9187308824359138753, guid: 30c881b32e9e6d140aa9560cf0b16f84,
        type: 3}
      propertyPath: m_LocalEulerAnglesHint.y
      value: -46.093002
      objectReference: {fileID: 0}
    - target: {fileID: -9187308824359138753, guid: 30c881b32e9e6d140aa9560cf0b16f84,
        type: 3}
      propertyPath: m_LocalEulerAnglesHint.z
      value: -1.9210001
      objectReference: {fileID: 0}
    - target: {fileID: -8417948620503407382, guid: 30c881b32e9e6d140aa9560cf0b16f84,
        type: 3}
      propertyPath: m_Layer
      value: 13
      objectReference: {fileID: 0}
    - target: {fileID: -6895422888917978749, guid: 30c881b32e9e6d140aa9560cf0b16f84,
        type: 3}
      propertyPath: m_Layer
      value: 13
      objectReference: {fileID: 0}
    - target: {fileID: -6460199073410157569, guid: 30c881b32e9e6d140aa9560cf0b16f84,
        type: 3}
      propertyPath: m_LocalRotation.x
      value: 0.17289248
      objectReference: {fileID: 0}
    - target: {fileID: -6460199073410157569, guid: 30c881b32e9e6d140aa9560cf0b16f84,
        type: 3}
      propertyPath: m_LocalRotation.y
      value: -0.15361331
      objectReference: {fileID: 0}
    - target: {fileID: -6460199073410157569, guid: 30c881b32e9e6d140aa9560cf0b16f84,
        type: 3}
      propertyPath: m_LocalRotation.z
      value: 0.64618754
      objectReference: {fileID: 0}
    - target: {fileID: -6460199073410157569, guid: 30c881b32e9e6d140aa9560cf0b16f84,
        type: 3}
      propertyPath: m_LocalRotation.w
      value: 0.7272914
      objectReference: {fileID: 0}
    - target: {fileID: -6460199073410157569, guid: 30c881b32e9e6d140aa9560cf0b16f84,
        type: 3}
      propertyPath: m_LocalEulerAnglesHint.x
      value: 26.744001
      objectReference: {fileID: 0}
    - target: {fileID: -6460199073410157569, guid: 30c881b32e9e6d140aa9560cf0b16f84,
        type: 3}
      propertyPath: m_LocalEulerAnglesHint.z
      value: 83.241005
      objectReference: {fileID: 0}
    - target: {fileID: -4472582957188003963, guid: 30c881b32e9e6d140aa9560cf0b16f84,
        type: 3}
      propertyPath: m_LocalRotation.x
      value: -0.018951537
      objectReference: {fileID: 0}
    - target: {fileID: -4472582957188003963, guid: 30c881b32e9e6d140aa9560cf0b16f84,
        type: 3}
      propertyPath: m_LocalRotation.y
      value: 0.1592149
      objectReference: {fileID: 0}
    - target: {fileID: -4472582957188003963, guid: 30c881b32e9e6d140aa9560cf0b16f84,
        type: 3}
      propertyPath: m_LocalRotation.z
      value: -0.00050884305
      objectReference: {fileID: 0}
    - target: {fileID: -4472582957188003963, guid: 30c881b32e9e6d140aa9560cf0b16f84,
        type: 3}
      propertyPath: m_LocalRotation.w
      value: 0.9870619
      objectReference: {fileID: 0}
    - target: {fileID: -4472582957188003963, guid: 30c881b32e9e6d140aa9560cf0b16f84,
        type: 3}
      propertyPath: m_LocalEulerAnglesHint.x
      value: -2.135
      objectReference: {fileID: 0}
    - target: {fileID: -4472582957188003963, guid: 30c881b32e9e6d140aa9560cf0b16f84,
        type: 3}
      propertyPath: m_LocalEulerAnglesHint.y
      value: 18.334002
      objectReference: {fileID: 0}
    - target: {fileID: -4472582957188003963, guid: 30c881b32e9e6d140aa9560cf0b16f84,
        type: 3}
      propertyPath: m_LocalEulerAnglesHint.z
      value: -0.404
      objectReference: {fileID: 0}
    - target: {fileID: -4216859302048453862, guid: 30c881b32e9e6d140aa9560cf0b16f84,
        type: 3}
      propertyPath: m_LocalPosition.x
      value: -0.053
      objectReference: {fileID: 0}
    - target: {fileID: -4216859302048453862, guid: 30c881b32e9e6d140aa9560cf0b16f84,
        type: 3}
      propertyPath: m_LocalPosition.y
      value: -1.077
      objectReference: {fileID: 0}
    - target: {fileID: -4216859302048453862, guid: 30c881b32e9e6d140aa9560cf0b16f84,
        type: 3}
      propertyPath: m_LocalPosition.z
      value: -1.01
      objectReference: {fileID: 0}
    - target: {fileID: -4216859302048453862, guid: 30c881b32e9e6d140aa9560cf0b16f84,
        type: 3}
      propertyPath: m_LocalRotation.x
      value: 0.21352053
      objectReference: {fileID: 0}
    - target: {fileID: -4216859302048453862, guid: 30c881b32e9e6d140aa9560cf0b16f84,
        type: 3}
      propertyPath: m_LocalRotation.y
      value: -0
      objectReference: {fileID: 0}
    - target: {fileID: -4216859302048453862, guid: 30c881b32e9e6d140aa9560cf0b16f84,
        type: 3}
      propertyPath: m_LocalRotation.z
      value: -0
      objectReference: {fileID: 0}
    - target: {fileID: -4216859302048453862, guid: 30c881b32e9e6d140aa9560cf0b16f84,
        type: 3}
      propertyPath: m_LocalRotation.w
      value: 0.97693855
      objectReference: {fileID: 0}
    - target: {fileID: -4216859302048453862, guid: 30c881b32e9e6d140aa9560cf0b16f84,
        type: 3}
      propertyPath: m_RootOrder
      value: 1
      objectReference: {fileID: 0}
    - target: {fileID: -4216859302048453862, guid: 30c881b32e9e6d140aa9560cf0b16f84,
        type: 3}
      propertyPath: m_LocalEulerAnglesHint.x
      value: 24.657001
      objectReference: {fileID: 0}
    - target: {fileID: -4216859302048453862, guid: 30c881b32e9e6d140aa9560cf0b16f84,
        type: 3}
      propertyPath: m_LocalEulerAnglesHint.y
      value: 0
      objectReference: {fileID: 0}
    - target: {fileID: -4216859302048453862, guid: 30c881b32e9e6d140aa9560cf0b16f84,
        type: 3}
      propertyPath: m_LocalEulerAnglesHint.z
      value: 0
      objectReference: {fileID: 0}
    - target: {fileID: -3877873847222281132, guid: 30c881b32e9e6d140aa9560cf0b16f84,
        type: 3}
      propertyPath: m_LocalRotation.x
      value: 0.06694177
      objectReference: {fileID: 0}
    - target: {fileID: -3877873847222281132, guid: 30c881b32e9e6d140aa9560cf0b16f84,
        type: 3}
      propertyPath: m_LocalRotation.y
      value: -0.52615774
      objectReference: {fileID: 0}
    - target: {fileID: -3877873847222281132, guid: 30c881b32e9e6d140aa9560cf0b16f84,
        type: 3}
      propertyPath: m_LocalRotation.z
      value: 0.014745318
      objectReference: {fileID: 0}
    - target: {fileID: -3877873847222281132, guid: 30c881b32e9e6d140aa9560cf0b16f84,
        type: 3}
      propertyPath: m_LocalRotation.w
      value: 0.8476199
      objectReference: {fileID: 0}
    - target: {fileID: -3877873847222281132, guid: 30c881b32e9e6d140aa9560cf0b16f84,
        type: 3}
      propertyPath: m_LocalEulerAnglesHint.x
      value: 7.412
      objectReference: {fileID: 0}
    - target: {fileID: -3877873847222281132, guid: 30c881b32e9e6d140aa9560cf0b16f84,
        type: 3}
      propertyPath: m_LocalEulerAnglesHint.y
      value: -63.83
      objectReference: {fileID: 0}
    - target: {fileID: -3877873847222281132, guid: 30c881b32e9e6d140aa9560cf0b16f84,
        type: 3}
      propertyPath: m_LocalEulerAnglesHint.z
      value: -2.627
      objectReference: {fileID: 0}
    - target: {fileID: -2287748313650266298, guid: 30c881b32e9e6d140aa9560cf0b16f84,
        type: 3}
      propertyPath: m_Layer
      value: 13
      objectReference: {fileID: 0}
    - target: {fileID: -927199367670048503, guid: 30c881b32e9e6d140aa9560cf0b16f84,
        type: 3}
      propertyPath: m_Name
      value: Mod_Hair
      objectReference: {fileID: 0}
    - target: {fileID: -927199367670048503, guid: 30c881b32e9e6d140aa9560cf0b16f84,
        type: 3}
      propertyPath: m_IsActive
      value: 1
      objectReference: {fileID: 0}
    - target: {fileID: -927199367670048503, guid: 30c881b32e9e6d140aa9560cf0b16f84,
        type: 3}
      propertyPath: m_Layer
      value: 13
      objectReference: {fileID: 0}
    - target: {fileID: 235990789757592103, guid: 30c881b32e9e6d140aa9560cf0b16f84,
        type: 3}
      propertyPath: m_Layer
      value: 13
      objectReference: {fileID: 0}
    - target: {fileID: 896826345270869775, guid: 30c881b32e9e6d140aa9560cf0b16f84,
        type: 3}
      propertyPath: m_LocalRotation.x
      value: -0.05335487
      objectReference: {fileID: 0}
    - target: {fileID: 896826345270869775, guid: 30c881b32e9e6d140aa9560cf0b16f84,
        type: 3}
      propertyPath: m_LocalRotation.y
      value: 0.4034987
      objectReference: {fileID: 0}
    - target: {fileID: 896826345270869775, guid: 30c881b32e9e6d140aa9560cf0b16f84,
        type: 3}
      propertyPath: m_LocalRotation.z
      value: -0.011393921
      objectReference: {fileID: 0}
    - target: {fileID: 896826345270869775, guid: 30c881b32e9e6d140aa9560cf0b16f84,
        type: 3}
      propertyPath: m_LocalRotation.w
      value: 0.9133522
      objectReference: {fileID: 0}
    - target: {fileID: 896826345270869775, guid: 30c881b32e9e6d140aa9560cf0b16f84,
        type: 3}
      propertyPath: m_LocalEulerAnglesHint.x
      value: -5.064
      objectReference: {fileID: 0}
    - target: {fileID: 896826345270869775, guid: 30c881b32e9e6d140aa9560cf0b16f84,
        type: 3}
      propertyPath: m_LocalEulerAnglesHint.y
      value: 47.832
      objectReference: {fileID: 0}
    - target: {fileID: 896826345270869775, guid: 30c881b32e9e6d140aa9560cf0b16f84,
        type: 3}
      propertyPath: m_LocalEulerAnglesHint.z
      value: -3.676
      objectReference: {fileID: 0}
    - target: {fileID: 2293997789556082412, guid: 30c881b32e9e6d140aa9560cf0b16f84,
        type: 3}
      propertyPath: m_Layer
      value: 13
      objectReference: {fileID: 0}
    - target: {fileID: 4933977444017592195, guid: 30c881b32e9e6d140aa9560cf0b16f84,
        type: 3}
      propertyPath: m_Layer
      value: 13
      objectReference: {fileID: 0}
    m_RemovedComponents:
    - {fileID: -6057140222963153312, guid: 30c881b32e9e6d140aa9560cf0b16f84, type: 3}
  m_SourcePrefab: {fileID: 100100000, guid: 30c881b32e9e6d140aa9560cf0b16f84, type: 3}
--- !u!1 &3825339670360320124 stripped
GameObject:
  m_CorrespondingSourceObject: {fileID: -927199367670048503, guid: 30c881b32e9e6d140aa9560cf0b16f84,
    type: 3}
  m_PrefabInstance: {fileID: 5059718589037556085}
  m_PrefabAsset: {fileID: 0}
--- !u!4 &237863884334013039 stripped
Transform:
  m_CorrespondingSourceObject: {fileID: -4216859302048453862, guid: 30c881b32e9e6d140aa9560cf0b16f84,
    type: 3}
  m_PrefabInstance: {fileID: 5059718589037556085}
  m_PrefabAsset: {fileID: 0}
--- !u!4 &6948904778694017674 stripped
Transform:
  m_CorrespondingSourceObject: {fileID: -6460199073410157569, guid: 30c881b32e9e6d140aa9560cf0b16f84,
    type: 3}
  m_PrefabInstance: {fileID: 5059718589037556085}
  m_PrefabAsset: {fileID: 0}
--- !u!114 &2683089792231876888
MonoBehaviour:
  m_ObjectHideFlags: 0
  m_CorrespondingSourceObject: {fileID: 0}
  m_PrefabInstance: {fileID: 0}
  m_PrefabAsset: {fileID: 0}
  m_GameObject: {fileID: 0}
  m_Enabled: 1
  m_EditorHideFlags: 0
  m_Script: {fileID: 11500000, guid: 0088f843650fb574c98f83e961190881, type: 3}
  m_Name: 
  m_EditorClassIdentifier: 
