%YAML 1.1
%TAG !u! tag:unity3d.com,2011:
--- !u!29 &1
OcclusionCullingSettings:
  m_ObjectHideFlags: 0
  serializedVersion: 2
  m_OcclusionBakeSettings:
    smallestOccluder: 5
    smallestHole: 0.25
    backfaceThreshold: 100
  m_SceneGUID: 00000000000000000000000000000000
  m_OcclusionCullingData: {fileID: 0}
--- !u!104 &2
RenderSettings:
  m_ObjectHideFlags: 0
  serializedVersion: 9
  m_Fog: 0
  m_FogColor: {r: 0.5, g: 0.5, b: 0.5, a: 1}
  m_FogMode: 3
  m_FogDensity: 0.01
  m_LinearFogStart: 0
  m_LinearFogEnd: 300
  m_AmbientSkyColor: {r: 0.212, g: 0.227, b: 0.259, a: 1}
  m_AmbientEquatorColor: {r: 0.114, g: 0.125, b: 0.133, a: 1}
  m_AmbientGroundColor: {r: 0.047, g: 0.043, b: 0.035, a: 1}
  m_AmbientIntensity: 1
  m_AmbientMode: 0
  m_SubtractiveShadowColor: {r: 0.42, g: 0.478, b: 0.627, a: 1}
  m_SkyboxMaterial: {fileID: 0}
  m_HaloStrength: 0.5
  m_FlareStrength: 1
  m_FlareFadeSpeed: 3
  m_HaloTexture: {fileID: 0}
  m_SpotCookie: {fileID: 10001, guid: 0000000000000000e000000000000000, type: 0}
  m_DefaultReflectionMode: 0
  m_DefaultReflectionResolution: 128
  m_ReflectionBounces: 1
  m_ReflectionIntensity: 1
  m_CustomReflection: {fileID: 0}
  m_Sun: {fileID: 0}
  m_IndirectSpecularColor: {r: 0, g: 0, b: 0, a: 1}
  m_UseRadianceAmbientProbe: 0
--- !u!157 &3
LightmapSettings:
  m_ObjectHideFlags: 0
  serializedVersion: 11
  m_GIWorkflowMode: 1
  m_GISettings:
    serializedVersion: 2
    m_BounceScale: 1
    m_IndirectOutputScale: 1
    m_AlbedoBoost: 1
    m_EnvironmentLightingMode: 0
    m_EnableBakedLightmaps: 0
    m_EnableRealtimeLightmaps: 0
  m_LightmapEditorSettings:
    serializedVersion: 12
    m_Resolution: 2
    m_BakeResolution: 10
    m_AtlasSize: 512
    m_AO: 0
    m_AOMaxDistance: 1
    m_CompAOExponent: 1
    m_CompAOExponentDirect: 0
    m_ExtractAmbientOcclusion: 0
    m_Padding: 2
    m_LightmapParameters: {fileID: 0}
    m_LightmapsBakeMode: 1
    m_TextureCompression: 1
    m_FinalGather: 0
    m_FinalGatherFiltering: 1
    m_FinalGatherRayCount: 256
    m_ReflectionCompression: 2
    m_MixedBakeMode: 2
    m_BakeBackend: 1
    m_PVRSampling: 1
    m_PVRDirectSampleCount: 32
    m_PVRSampleCount: 256
    m_PVRBounces: 2
    m_PVREnvironmentSampleCount: 256
    m_PVREnvironmentReferencePointCount: 2048
    m_PVRFilteringMode: 2
    m_PVRDenoiserTypeDirect: 0
    m_PVRDenoiserTypeIndirect: 0
    m_PVRDenoiserTypeAO: 0
    m_PVRFilterTypeDirect: 0
    m_PVRFilterTypeIndirect: 0
    m_PVRFilterTypeAO: 0
    m_PVREnvironmentMIS: 0
    m_PVRCulling: 1
    m_PVRFilteringGaussRadiusDirect: 1
    m_PVRFilteringGaussRadiusIndirect: 5
    m_PVRFilteringGaussRadiusAO: 2
    m_PVRFilteringAtrousPositionSigmaDirect: 0.5
    m_PVRFilteringAtrousPositionSigmaIndirect: 2
    m_PVRFilteringAtrousPositionSigmaAO: 1
    m_ExportTrainingData: 0
    m_TrainingDataDestination: TrainingData
    m_LightProbeSampleCountMultiplier: 4
  m_LightingDataAsset: {fileID: 0}
  m_UseShadowmask: 1
--- !u!196 &4
NavMeshSettings:
  serializedVersion: 2
  m_ObjectHideFlags: 0
  m_BuildSettings:
    serializedVersion: 2
    agentTypeID: 0
    agentRadius: 0.5
    agentHeight: 2
    agentSlope: 45
    agentClimb: 0.4
    ledgeDropHeight: 0
    maxJumpAcrossDistance: 0
    minRegionArea: 2
    manualCellSize: 0
    cellSize: 0.16666667
    manualTileSize: 0
    tileSize: 256
    accuratePlacement: 0
    debug:
      m_Flags: 0
  m_NavMeshData: {fileID: 0}
--- !u!1 &106023500
GameObject:
  m_ObjectHideFlags: 0
  m_CorrespondingSourceObject: {fileID: 0}
  m_PrefabInstance: {fileID: 0}
  m_PrefabAsset: {fileID: 0}
  serializedVersion: 6
  m_Component:
  - component: {fileID: 106023501}
  - component: {fileID: 106023503}
  - component: {fileID: 106023502}
  m_Layer: 0
  m_Name: Mod_Paper_Building_B (21)
  m_TagString: Untagged
  m_Icon: {fileID: 0}
  m_NavMeshLayer: 0
  m_StaticEditorFlags: 4294967295
  m_IsActive: 1
--- !u!4 &106023501
Transform:
  m_ObjectHideFlags: 0
  m_CorrespondingSourceObject: {fileID: 0}
  m_PrefabInstance: {fileID: 0}
  m_PrefabAsset: {fileID: 0}
  m_GameObject: {fileID: 106023500}
  m_LocalRotation: {x: 0.00000002008007, y: -0.6356705, z: -0.0000000037248908, w: -0.7719606}
  m_LocalPosition: {x: 28.3, y: -87.6, z: -18}
  m_LocalScale: {x: 0.7616449, y: 1.2727848, z: 0.7616449}
  m_Children: []
  m_Father: {fileID: 7973976374252446603}
  m_RootOrder: 148
  m_LocalEulerAnglesHint: {x: 0, y: -281.061, z: 0}
--- !u!23 &106023502
MeshRenderer:
  m_ObjectHideFlags: 0
  m_CorrespondingSourceObject: {fileID: 0}
  m_PrefabInstance: {fileID: 0}
  m_PrefabAsset: {fileID: 0}
  m_GameObject: {fileID: 106023500}
  m_Enabled: 1
  m_CastShadows: 0
  m_ReceiveShadows: 1
  m_DynamicOccludee: 1
  m_MotionVectors: 1
  m_LightProbeUsage: 1
  m_ReflectionProbeUsage: 1
  m_RayTracingMode: 2
  m_RenderingLayerMask: 1
  m_RendererPriority: 0
  m_Materials:
  - {fileID: 2100000, guid: 88b98f335459cd7408c50f312ac9ed61, type: 2}
  m_StaticBatchInfo:
    firstSubMesh: 0
    subMeshCount: 0
  m_StaticBatchRoot: {fileID: 0}
  m_ProbeAnchor: {fileID: 0}
  m_LightProbeVolumeOverride: {fileID: 0}
  m_ScaleInLightmap: 1
  m_ReceiveGI: 1
  m_PreserveUVs: 0
  m_IgnoreNormalsForChartDetection: 0
  m_ImportantGI: 0
  m_StitchLightmapSeams: 1
  m_SelectedEditorRenderState: 3
  m_MinimumChartSize: 4
  m_AutoUVMaxDistance: 0.5
  m_AutoUVMaxAngle: 89
  m_LightmapParameters: {fileID: 0}
  m_SortingLayerID: 0
  m_SortingLayer: 0
  m_SortingOrder: 0
--- !u!33 &106023503
MeshFilter:
  m_ObjectHideFlags: 0
  m_CorrespondingSourceObject: {fileID: 0}
  m_PrefabInstance: {fileID: 0}
  m_PrefabAsset: {fileID: 0}
  m_GameObject: {fileID: 106023500}
  m_Mesh: {fileID: 3580359691798421539, guid: d9b39c5b703357647862534c4ace9bbc, type: 3}
--- !u!1 &133283492
GameObject:
  m_ObjectHideFlags: 0
  m_CorrespondingSourceObject: {fileID: 0}
  m_PrefabInstance: {fileID: 0}
  m_PrefabAsset: {fileID: 0}
  serializedVersion: 6
  m_Component:
  - component: {fileID: 133283493}
  - component: {fileID: 133283495}
  - component: {fileID: 133283494}
  m_Layer: 0
  m_Name: Mod_Paper_Building_A (42)
  m_TagString: Untagged
  m_Icon: {fileID: 0}
  m_NavMeshLayer: 0
  m_StaticEditorFlags: 4294967295
  m_IsActive: 1
--- !u!4 &133283493
Transform:
  m_ObjectHideFlags: 0
  m_CorrespondingSourceObject: {fileID: 0}
  m_PrefabInstance: {fileID: 0}
  m_PrefabAsset: {fileID: 0}
  m_GameObject: {fileID: 133283492}
  m_LocalRotation: {x: 0.000000019227068, y: -0.9175455, z: 0.000000033247513, w: -0.39763093}
  m_LocalPosition: {x: -44.3, y: -116.1, z: 53}
  m_LocalScale: {x: 0.89153975, y: 1.4898521, z: 0.89153975}
  m_Children: []
  m_Father: {fileID: 7973976374252446603}
  m_RootOrder: 144
  m_LocalEulerAnglesHint: {x: 0, y: -226.86, z: 0}
--- !u!23 &133283494
MeshRenderer:
  m_ObjectHideFlags: 0
  m_CorrespondingSourceObject: {fileID: 0}
  m_PrefabInstance: {fileID: 0}
  m_PrefabAsset: {fileID: 0}
  m_GameObject: {fileID: 133283492}
  m_Enabled: 1
  m_CastShadows: 0
  m_ReceiveShadows: 1
  m_DynamicOccludee: 1
  m_MotionVectors: 1
  m_LightProbeUsage: 1
  m_ReflectionProbeUsage: 1
  m_RayTracingMode: 2
  m_RenderingLayerMask: 1
  m_RendererPriority: 0
  m_Materials:
  - {fileID: 2100000, guid: 804a55eb3031baa4aa735634f39952f7, type: 2}
  m_StaticBatchInfo:
    firstSubMesh: 0
    subMeshCount: 0
  m_StaticBatchRoot: {fileID: 0}
  m_ProbeAnchor: {fileID: 0}
  m_LightProbeVolumeOverride: {fileID: 0}
  m_ScaleInLightmap: 1
  m_ReceiveGI: 1
  m_PreserveUVs: 0
  m_IgnoreNormalsForChartDetection: 0
  m_ImportantGI: 0
  m_StitchLightmapSeams: 1
  m_SelectedEditorRenderState: 3
  m_MinimumChartSize: 4
  m_AutoUVMaxDistance: 0.5
  m_AutoUVMaxAngle: 89
  m_LightmapParameters: {fileID: 0}
  m_SortingLayerID: 0
  m_SortingLayer: 0
  m_SortingOrder: 0
--- !u!33 &133283495
MeshFilter:
  m_ObjectHideFlags: 0
  m_CorrespondingSourceObject: {fileID: 0}
  m_PrefabInstance: {fileID: 0}
  m_PrefabAsset: {fileID: 0}
  m_GameObject: {fileID: 133283492}
  m_Mesh: {fileID: -1219006633366578750, guid: d9b39c5b703357647862534c4ace9bbc, type: 3}
--- !u!1 &247735286
GameObject:
  m_ObjectHideFlags: 0
  m_CorrespondingSourceObject: {fileID: 0}
  m_PrefabInstance: {fileID: 0}
  m_PrefabAsset: {fileID: 0}
  serializedVersion: 6
  m_Component:
  - component: {fileID: 247735287}
  - component: {fileID: 247735288}
  m_Layer: 0
  m_Name: Capsule
  m_TagString: Untagged
  m_Icon: {fileID: 0}
  m_NavMeshLayer: 0
  m_StaticEditorFlags: 0
  m_IsActive: 0
--- !u!4 &247735287
Transform:
  m_ObjectHideFlags: 0
  m_CorrespondingSourceObject: {fileID: 0}
  m_PrefabInstance: {fileID: 0}
  m_PrefabAsset: {fileID: 0}
  m_GameObject: {fileID: 247735286}
  m_LocalRotation: {x: 0, y: 0, z: 0, w: 1}
  m_LocalPosition: {x: -0.04, y: 2.75, z: 7.42}
  m_LocalScale: {x: 1, y: 1, z: 1}
  m_Children: []
  m_Father: {fileID: 1625084673}
  m_RootOrder: 0
  m_LocalEulerAnglesHint: {x: 0, y: 0, z: 0}
--- !u!136 &247735288
CapsuleCollider:
  m_ObjectHideFlags: 0
  m_CorrespondingSourceObject: {fileID: 0}
  m_PrefabInstance: {fileID: 0}
  m_PrefabAsset: {fileID: 0}
  m_GameObject: {fileID: 247735286}
  m_Material: {fileID: 0}
  m_IsTrigger: 0
  m_Enabled: 1
  m_Radius: 1.5
  m_Height: 5.5
  m_Direction: 1
  m_Center: {x: 0, y: 0, z: 0}
--- !u!1 &444922521
GameObject:
  m_ObjectHideFlags: 0
  m_CorrespondingSourceObject: {fileID: 0}
  m_PrefabInstance: {fileID: 0}
  m_PrefabAsset: {fileID: 0}
  serializedVersion: 6
  m_Component:
  - component: {fileID: 444922522}
  - component: {fileID: 444922524}
  - component: {fileID: 444922523}
  m_Layer: 0
  m_Name: Text (TMP)
  m_TagString: Untagged
  m_Icon: {fileID: 0}
  m_NavMeshLayer: 0
  m_StaticEditorFlags: 0
  m_IsActive: 1
--- !u!224 &444922522
RectTransform:
  m_ObjectHideFlags: 0
  m_CorrespondingSourceObject: {fileID: 0}
  m_PrefabInstance: {fileID: 0}
  m_PrefabAsset: {fileID: 0}
  m_GameObject: {fileID: 444922521}
  m_LocalRotation: {x: 0, y: 0, z: 0, w: 1}
  m_LocalPosition: {x: 0, y: 0, z: 0}
  m_LocalScale: {x: 1, y: 1, z: 1}
  m_Children: []
  m_Father: {fileID: 719279579}
  m_RootOrder: 0
  m_LocalEulerAnglesHint: {x: 0, y: 0, z: 0}
  m_AnchorMin: {x: 0.5, y: 0.5}
  m_AnchorMax: {x: 0.5, y: 0.5}
  m_AnchoredPosition: {x: 0, y: 0}
  m_SizeDelta: {x: 200, y: 50}
  m_Pivot: {x: 0.5, y: 0.5}
--- !u!114 &444922523
MonoBehaviour:
  m_ObjectHideFlags: 0
  m_CorrespondingSourceObject: {fileID: 0}
  m_PrefabInstance: {fileID: 0}
  m_PrefabAsset: {fileID: 0}
  m_GameObject: {fileID: 444922521}
  m_Enabled: 1
  m_EditorHideFlags: 0
  m_Script: {fileID: 11500000, guid: f4688fdb7df04437aeb418b961361dc5, type: 3}
  m_Name: 
  m_EditorClassIdentifier: 
  m_Material: {fileID: 0}
  m_Color: {r: 1, g: 1, b: 1, a: 1}
  m_RaycastTarget: 1
  m_Maskable: 1
  m_OnCullStateChanged:
    m_PersistentCalls:
      m_Calls: []
  m_text: Press any Button
  m_isRightToLeft: 0
  m_fontAsset: {fileID: 11400000, guid: 8f586378b4e144a9851e7b34d9b748ee, type: 2}
  m_sharedMaterial: {fileID: 2180264, guid: 8f586378b4e144a9851e7b34d9b748ee, type: 2}
  m_fontSharedMaterials: []
  m_fontMaterial: {fileID: 0}
  m_fontMaterials: []
  m_fontColor32:
    serializedVersion: 2
    rgba: 4294967295
  m_fontColor: {r: 1, g: 1, b: 1, a: 1}
  m_enableVertexGradient: 0
  m_colorMode: 3
  m_fontColorGradient:
    topLeft: {r: 1, g: 1, b: 1, a: 1}
    topRight: {r: 1, g: 1, b: 1, a: 1}
    bottomLeft: {r: 1, g: 1, b: 1, a: 1}
    bottomRight: {r: 1, g: 1, b: 1, a: 1}
  m_fontColorGradientPreset: {fileID: 0}
  m_spriteAsset: {fileID: 0}
  m_tintAllSprites: 0
  m_overrideHtmlColors: 0
  m_faceColor:
    serializedVersion: 2
    rgba: 4294967295
  m_outlineColor:
    serializedVersion: 2
    rgba: 4278190080
  m_fontSize: 36
  m_fontSizeBase: 36
  m_fontWeight: 400
  m_enableAutoSizing: 0
  m_fontSizeMin: 18
  m_fontSizeMax: 72
  m_fontStyle: 0
  m_textAlignment: 514
  m_characterSpacing: 0
  m_wordSpacing: 0
  m_lineSpacing: 0
  m_lineSpacingMax: 0
  m_paragraphSpacing: 0
  m_charWidthMaxAdj: 0
  m_enableWordWrapping: 1
  m_wordWrappingRatios: 0.4
  m_overflowMode: 0
  m_firstOverflowCharacterIndex: 10
  m_linkedTextComponent: {fileID: 0}
  m_isLinkedTextComponent: 0
  m_isTextTruncated: 0
  m_enableKerning: 1
  m_enableExtraPadding: 0
  checkPaddingRequired: 0
  m_isRichText: 1
  m_parseCtrlCharacters: 1
  m_isOrthographic: 1
  m_isCullingEnabled: 0
  m_ignoreRectMaskCulling: 0
  m_ignoreCulling: 1
  m_horizontalMapping: 0
  m_verticalMapping: 0
  m_uvLineOffset: 0
  m_geometrySortingOrder: 0
  m_VertexBufferAutoSizeReduction: 1
  m_firstVisibleCharacter: 0
  m_useMaxVisibleDescender: 1
  m_pageToDisplay: 1
  m_margin: {x: 0, y: 0, z: 0, w: 0}
  m_textInfo:
    textComponent: {fileID: 444922523}
    characterCount: 16
    spriteCount: 0
    spaceCount: 2
    wordCount: 3
    linkCount: 0
    lineCount: 2
    pageCount: 1
    materialCount: 1
  m_isUsingLegacyAnimationComponent: 0
  m_isVolumetricText: 0
  m_spriteAnimator: {fileID: 0}
  m_hasFontAssetChanged: 0
  m_subTextObjects:
  - {fileID: 0}
  - {fileID: 0}
  - {fileID: 0}
  - {fileID: 0}
  - {fileID: 0}
  - {fileID: 0}
  - {fileID: 0}
  - {fileID: 0}
  m_baseMaterial: {fileID: 0}
  m_maskOffset: {x: 0, y: 0, z: 0, w: 0}
--- !u!222 &444922524
CanvasRenderer:
  m_ObjectHideFlags: 0
  m_CorrespondingSourceObject: {fileID: 0}
  m_PrefabInstance: {fileID: 0}
  m_PrefabAsset: {fileID: 0}
  m_GameObject: {fileID: 444922521}
  m_CullTransparentMesh: 0
--- !u!1 &445764221
GameObject:
  m_ObjectHideFlags: 0
  m_CorrespondingSourceObject: {fileID: 0}
  m_PrefabInstance: {fileID: 0}
  m_PrefabAsset: {fileID: 0}
  serializedVersion: 6
  m_Component:
  - component: {fileID: 445764223}
  - component: {fileID: 445764222}
  m_Layer: 0
  m_Name: PlayMakerGUI
  m_TagString: Untagged
  m_Icon: {fileID: 0}
  m_NavMeshLayer: 0
  m_StaticEditorFlags: 0
  m_IsActive: 1
--- !u!114 &445764222
MonoBehaviour:
  m_ObjectHideFlags: 0
  m_CorrespondingSourceObject: {fileID: 0}
  m_PrefabInstance: {fileID: 0}
  m_PrefabAsset: {fileID: 0}
  m_GameObject: {fileID: 445764221}
  m_Enabled: 1
  m_EditorHideFlags: 0
  m_Script: {fileID: -73581967, guid: e743331561ef77147ae48cda9bcb8209, type: 3}
  m_Name: 
  m_EditorClassIdentifier: 
  previewOnGUI: 1
  enableGUILayout: 1
  drawStateLabels: 1
  enableStateLabelsInBuilds: 0
  GUITextureStateLabels: 0
  GUITextStateLabels: 0
  filterLabelsWithDistance: 0
  maxLabelDistance: 10
  controlMouseCursor: 1
  labelScale: 1
--- !u!4 &445764223
Transform:
  m_ObjectHideFlags: 0
  m_CorrespondingSourceObject: {fileID: 0}
  m_PrefabInstance: {fileID: 0}
  m_PrefabAsset: {fileID: 0}
  m_GameObject: {fileID: 445764221}
  m_LocalRotation: {x: -0, y: -0, z: -0, w: 1}
  m_LocalPosition: {x: 0, y: 0, z: 0}
  m_LocalScale: {x: 1, y: 1, z: 1}
  m_Children: []
  m_Father: {fileID: 1679948830}
  m_RootOrder: 0
  m_LocalEulerAnglesHint: {x: 0, y: 0, z: 0}
--- !u!4 &460519764 stripped
Transform:
  m_CorrespondingSourceObject: {fileID: -4216859302048453862, guid: 1548b8c9d14886e4fab7ba553c4a4ddf,
    type: 3}
  m_PrefabInstance: {fileID: 2067331761}
  m_PrefabAsset: {fileID: 0}
--- !u!1 &719279575
GameObject:
  m_ObjectHideFlags: 0
  m_CorrespondingSourceObject: {fileID: 0}
  m_PrefabInstance: {fileID: 0}
  m_PrefabAsset: {fileID: 0}
  serializedVersion: 6
  m_Component:
  - component: {fileID: 719279579}
  - component: {fileID: 719279578}
  - component: {fileID: 719279577}
  - component: {fileID: 719279576}
  m_Layer: 0
  m_Name: AnyButtonCanvas
  m_TagString: Untagged
  m_Icon: {fileID: 0}
  m_NavMeshLayer: 0
  m_StaticEditorFlags: 0
  m_IsActive: 0
--- !u!114 &719279576
MonoBehaviour:
  m_ObjectHideFlags: 0
  m_CorrespondingSourceObject: {fileID: 0}
  m_PrefabInstance: {fileID: 0}
  m_PrefabAsset: {fileID: 0}
  m_GameObject: {fileID: 719279575}
  m_Enabled: 1
  m_EditorHideFlags: 0
  m_Script: {fileID: 11500000, guid: dc42784cf147c0c48a680349fa168899, type: 3}
  m_Name: 
  m_EditorClassIdentifier: 
  m_IgnoreReversedGraphics: 1
  m_BlockingObjects: 0
  m_BlockingMask:
    serializedVersion: 2
    m_Bits: 4294967295
--- !u!114 &719279577
MonoBehaviour:
  m_ObjectHideFlags: 0
  m_CorrespondingSourceObject: {fileID: 0}
  m_PrefabInstance: {fileID: 0}
  m_PrefabAsset: {fileID: 0}
  m_GameObject: {fileID: 719279575}
  m_Enabled: 1
  m_EditorHideFlags: 0
  m_Script: {fileID: 11500000, guid: 0cd44c1031e13a943bb63640046fad76, type: 3}
  m_Name: 
  m_EditorClassIdentifier: 
  m_UiScaleMode: 0
  m_ReferencePixelsPerUnit: 100
  m_ScaleFactor: 1
  m_ReferenceResolution: {x: 800, y: 600}
  m_ScreenMatchMode: 0
  m_MatchWidthOrHeight: 0
  m_PhysicalUnit: 3
  m_FallbackScreenDPI: 96
  m_DefaultSpriteDPI: 96
  m_DynamicPixelsPerUnit: 1
--- !u!223 &719279578
Canvas:
  m_ObjectHideFlags: 0
  m_CorrespondingSourceObject: {fileID: 0}
  m_PrefabInstance: {fileID: 0}
  m_PrefabAsset: {fileID: 0}
  m_GameObject: {fileID: 719279575}
  m_Enabled: 1
  serializedVersion: 3
  m_RenderMode: 0
  m_Camera: {fileID: 0}
  m_PlaneDistance: 100
  m_PixelPerfect: 0
  m_ReceivesEvents: 1
  m_OverrideSorting: 0
  m_OverridePixelPerfect: 0
  m_SortingBucketNormalizedSize: 0
  m_AdditionalShaderChannelsFlag: 25
  m_SortingLayerID: 0
  m_SortingOrder: 0
  m_TargetDisplay: 0
--- !u!224 &719279579
RectTransform:
  m_ObjectHideFlags: 0
  m_CorrespondingSourceObject: {fileID: 0}
  m_PrefabInstance: {fileID: 0}
  m_PrefabAsset: {fileID: 0}
  m_GameObject: {fileID: 719279575}
  m_LocalRotation: {x: 0, y: 0, z: 0, w: 1}
  m_LocalPosition: {x: 0, y: 0, z: 0}
  m_LocalScale: {x: 0, y: 0, z: 0}
  m_Children:
  - {fileID: 444922522}
  m_Father: {fileID: 1679948830}
  m_RootOrder: 6
  m_LocalEulerAnglesHint: {x: 0, y: 0, z: 0}
  m_AnchorMin: {x: 0, y: 0}
  m_AnchorMax: {x: 0, y: 0}
  m_AnchoredPosition: {x: 0, y: 0}
  m_SizeDelta: {x: 0, y: 0}
  m_Pivot: {x: 0, y: 0}
--- !u!1 &728372377
GameObject:
  m_ObjectHideFlags: 0
  m_CorrespondingSourceObject: {fileID: 0}
  m_PrefabInstance: {fileID: 0}
  m_PrefabAsset: {fileID: 0}
  serializedVersion: 6
  m_Component:
  - component: {fileID: 728372378}
  - component: {fileID: 728372380}
  - component: {fileID: 728372379}
  m_Layer: 0
  m_Name: Mod_Paper_Building_D_2 (15)
  m_TagString: Untagged
  m_Icon: {fileID: 0}
  m_NavMeshLayer: 0
  m_StaticEditorFlags: 4294967295
  m_IsActive: 1
--- !u!4 &728372378
Transform:
  m_ObjectHideFlags: 0
  m_CorrespondingSourceObject: {fileID: 0}
  m_PrefabInstance: {fileID: 0}
  m_PrefabAsset: {fileID: 0}
  m_GameObject: {fileID: 728372377}
  m_LocalRotation: {x: 0.000000021855694, y: 0, z: -0, w: 1}
  m_LocalPosition: {x: -31.6, y: -108.7, z: 20.9}
  m_LocalScale: {x: 1, y: 1, z: 1}
  m_Children: []
  m_Father: {fileID: 7973976374252446603}
  m_RootOrder: 145
  m_LocalEulerAnglesHint: {x: 0, y: 0, z: 0}
--- !u!23 &728372379
MeshRenderer:
  m_ObjectHideFlags: 0
  m_CorrespondingSourceObject: {fileID: 0}
  m_PrefabInstance: {fileID: 0}
  m_PrefabAsset: {fileID: 0}
  m_GameObject: {fileID: 728372377}
  m_Enabled: 1
  m_CastShadows: 0
  m_ReceiveShadows: 1
  m_DynamicOccludee: 1
  m_MotionVectors: 1
  m_LightProbeUsage: 1
  m_ReflectionProbeUsage: 1
  m_RayTracingMode: 2
  m_RenderingLayerMask: 1
  m_RendererPriority: 0
  m_Materials:
  - {fileID: 2100000, guid: c10cc8e33b216fb4eae594e30a00d7f7, type: 2}
  m_StaticBatchInfo:
    firstSubMesh: 0
    subMeshCount: 0
  m_StaticBatchRoot: {fileID: 0}
  m_ProbeAnchor: {fileID: 0}
  m_LightProbeVolumeOverride: {fileID: 0}
  m_ScaleInLightmap: 1
  m_ReceiveGI: 1
  m_PreserveUVs: 0
  m_IgnoreNormalsForChartDetection: 0
  m_ImportantGI: 0
  m_StitchLightmapSeams: 1
  m_SelectedEditorRenderState: 3
  m_MinimumChartSize: 4
  m_AutoUVMaxDistance: 0.5
  m_AutoUVMaxAngle: 89
  m_LightmapParameters: {fileID: 0}
  m_SortingLayerID: 0
  m_SortingLayer: 0
  m_SortingOrder: 0
--- !u!33 &728372380
MeshFilter:
  m_ObjectHideFlags: 0
  m_CorrespondingSourceObject: {fileID: 0}
  m_PrefabInstance: {fileID: 0}
  m_PrefabAsset: {fileID: 0}
  m_GameObject: {fileID: 728372377}
  m_Mesh: {fileID: -8258855894710527642, guid: d9b39c5b703357647862534c4ace9bbc, type: 3}
--- !u!1 &956585498
GameObject:
  m_ObjectHideFlags: 0
  m_CorrespondingSourceObject: {fileID: 0}
  m_PrefabInstance: {fileID: 0}
  m_PrefabAsset: {fileID: 0}
  serializedVersion: 6
  m_Component:
  - component: {fileID: 956585499}
  - component: {fileID: 956585501}
  - component: {fileID: 956585500}
  m_Layer: 0
  m_Name: Mod_Paper_Building_B (22)
  m_TagString: Untagged
  m_Icon: {fileID: 0}
  m_NavMeshLayer: 0
  m_StaticEditorFlags: 4294967295
  m_IsActive: 1
--- !u!4 &956585499
Transform:
  m_ObjectHideFlags: 0
  m_CorrespondingSourceObject: {fileID: 0}
  m_PrefabInstance: {fileID: 0}
  m_PrefabAsset: {fileID: 0}
  m_GameObject: {fileID: 956585498}
  m_LocalRotation: {x: 0.000000004764611, y: 0.46586904, z: 0.000000021330024, w: -0.8848537}
  m_LocalPosition: {x: 1.6, y: -148.7, z: 33.4}
  m_LocalScale: {x: 1, y: 1, z: 1}
  m_Children: []
  m_Father: {fileID: 7973976374252446603}
  m_RootOrder: 150
  m_LocalEulerAnglesHint: {x: 0, y: 304.467, z: 0}
--- !u!23 &956585500
MeshRenderer:
  m_ObjectHideFlags: 0
  m_CorrespondingSourceObject: {fileID: 0}
  m_PrefabInstance: {fileID: 0}
  m_PrefabAsset: {fileID: 0}
  m_GameObject: {fileID: 956585498}
  m_Enabled: 1
  m_CastShadows: 0
  m_ReceiveShadows: 1
  m_DynamicOccludee: 1
  m_MotionVectors: 1
  m_LightProbeUsage: 1
  m_ReflectionProbeUsage: 1
  m_RayTracingMode: 2
  m_RenderingLayerMask: 1
  m_RendererPriority: 0
  m_Materials:
  - {fileID: 2100000, guid: 88b98f335459cd7408c50f312ac9ed61, type: 2}
  m_StaticBatchInfo:
    firstSubMesh: 0
    subMeshCount: 0
  m_StaticBatchRoot: {fileID: 0}
  m_ProbeAnchor: {fileID: 0}
  m_LightProbeVolumeOverride: {fileID: 0}
  m_ScaleInLightmap: 1
  m_ReceiveGI: 1
  m_PreserveUVs: 0
  m_IgnoreNormalsForChartDetection: 0
  m_ImportantGI: 0
  m_StitchLightmapSeams: 1
  m_SelectedEditorRenderState: 3
  m_MinimumChartSize: 4
  m_AutoUVMaxDistance: 0.5
  m_AutoUVMaxAngle: 89
  m_LightmapParameters: {fileID: 0}
  m_SortingLayerID: 0
  m_SortingLayer: 0
  m_SortingOrder: 0
--- !u!33 &956585501
MeshFilter:
  m_ObjectHideFlags: 0
  m_CorrespondingSourceObject: {fileID: 0}
  m_PrefabInstance: {fileID: 0}
  m_PrefabAsset: {fileID: 0}
  m_GameObject: {fileID: 956585498}
  m_Mesh: {fileID: 3580359691798421539, guid: d9b39c5b703357647862534c4ace9bbc, type: 3}
--- !u!1 &1018643959
GameObject:
  m_ObjectHideFlags: 1
  m_CorrespondingSourceObject: {fileID: 0}
  m_PrefabInstance: {fileID: 0}
  m_PrefabAsset: {fileID: 0}
  serializedVersion: 6
  m_Component:
  - component: {fileID: 1018643961}
  - component: {fileID: 1018643960}
  m_Layer: 0
  m_Name: StaticLightingSky
  m_TagString: Untagged
  m_Icon: {fileID: 0}
  m_NavMeshLayer: 0
  m_StaticEditorFlags: 0
  m_IsActive: 1
--- !u!114 &1018643960
MonoBehaviour:
  m_ObjectHideFlags: 1
  m_CorrespondingSourceObject: {fileID: 0}
  m_PrefabInstance: {fileID: 0}
  m_PrefabAsset: {fileID: 0}
  m_GameObject: {fileID: 1018643959}
  m_Enabled: 1
  m_EditorHideFlags: 0
  m_Script: {fileID: 11500000, guid: 441482e8936e35048a1dffac814e3ef8, type: 3}
  m_Name: 
  m_EditorClassIdentifier: 
  m_Profile: {fileID: 0}
  m_StaticLightingSkyUniqueID: 0
  m_SkySettings: {fileID: 0}
  m_SkySettingsFromProfile: {fileID: 0}
--- !u!4 &1018643961
Transform:
  m_ObjectHideFlags: 1
  m_CorrespondingSourceObject: {fileID: 0}
  m_PrefabInstance: {fileID: 0}
  m_PrefabAsset: {fileID: 0}
  m_GameObject: {fileID: 1018643959}
  m_LocalRotation: {x: 0, y: 0, z: 0, w: 1}
  m_LocalPosition: {x: 0, y: 0, z: 0}
  m_LocalScale: {x: 1, y: 1, z: 1}
  m_Children: []
  m_Father: {fileID: 0}
  m_RootOrder: 1
  m_LocalEulerAnglesHint: {x: 0, y: 0, z: 0}
--- !u!1001 &1281367284
PrefabInstance:
  m_ObjectHideFlags: 0
  serializedVersion: 2
  m_Modification:
    m_TransformParent: {fileID: 1679948830}
    m_Modifications:
    - target: {fileID: 289124764538407583, guid: b6313642abe3d124c8b97cd9e98ace6c,
        type: 3}
      propertyPath: arenaSlotManager
      value: 
      objectReference: {fileID: 0}
    - target: {fileID: 289124764538407583, guid: b6313642abe3d124c8b97cd9e98ace6c,
        type: 3}
      propertyPath: m_arena
      value: 
      objectReference: {fileID: 0}
    - target: {fileID: 289124764538407583, guid: b6313642abe3d124c8b97cd9e98ace6c,
        type: 3}
      propertyPath: m_navMeshSurface
      value: 
      objectReference: {fileID: 0}
    - target: {fileID: 1581076883846129124, guid: b6313642abe3d124c8b97cd9e98ace6c,
        type: 3}
      propertyPath: m_RootOrder
      value: 17
      objectReference: {fileID: 0}
    - target: {fileID: 1581076884033819074, guid: b6313642abe3d124c8b97cd9e98ace6c,
        type: 3}
      propertyPath: m_RootOrder
      value: 13
      objectReference: {fileID: 0}
    - target: {fileID: 1581076884063570136, guid: b6313642abe3d124c8b97cd9e98ace6c,
        type: 3}
      propertyPath: m_RootOrder
      value: 16
      objectReference: {fileID: 0}
    - target: {fileID: 1581076884341775022, guid: b6313642abe3d124c8b97cd9e98ace6c,
        type: 3}
      propertyPath: m_RootOrder
      value: 15
      objectReference: {fileID: 0}
    - target: {fileID: 1581076885115566487, guid: b6313642abe3d124c8b97cd9e98ace6c,
        type: 3}
      propertyPath: m_RootOrder
      value: 14
      objectReference: {fileID: 0}
    - target: {fileID: 1581076885355838428, guid: b6313642abe3d124c8b97cd9e98ace6c,
        type: 3}
      propertyPath: m_RootOrder
      value: 12
      objectReference: {fileID: 0}
    - target: {fileID: 1581076885444577498, guid: b6313642abe3d124c8b97cd9e98ace6c,
        type: 3}
      propertyPath: m_RootOrder
      value: 18
      objectReference: {fileID: 0}
    - target: {fileID: 1581076885824702047, guid: b6313642abe3d124c8b97cd9e98ace6c,
        type: 3}
      propertyPath: m_RootOrder
      value: 19
      objectReference: {fileID: 0}
    - target: {fileID: 2703712844292410035, guid: b6313642abe3d124c8b97cd9e98ace6c,
        type: 3}
      propertyPath: m_debugDrawCurrentWave
      value: 0
      objectReference: {fileID: 0}
    - target: {fileID: 2703712844292410035, guid: b6313642abe3d124c8b97cd9e98ace6c,
        type: 3}
      propertyPath: m_defaultConfig
      value: 
      objectReference: {fileID: 11400000, guid: 2768fe93cca83234abd1e3d59c0c8075,
        type: 2}
    - target: {fileID: 2703712844292410035, guid: b6313642abe3d124c8b97cd9e98ace6c,
        type: 3}
      propertyPath: m_onFinishConfig
      value: 
      objectReference: {fileID: 11400000, guid: 5116a3ad1692e3d429180d005dea80c6,
        type: 2}
    - target: {fileID: 3814438309662850366, guid: b6313642abe3d124c8b97cd9e98ace6c,
        type: 3}
      propertyPath: m_LocalPosition.z
      value: -15
      objectReference: {fileID: 0}
    - target: {fileID: 4745382539423271026, guid: b6313642abe3d124c8b97cd9e98ace6c,
        type: 3}
      propertyPath: m_LocalPosition.x
      value: 0
      objectReference: {fileID: 0}
    - target: {fileID: 4745382539423271026, guid: b6313642abe3d124c8b97cd9e98ace6c,
        type: 3}
      propertyPath: m_LocalPosition.y
      value: 0
      objectReference: {fileID: 0}
    - target: {fileID: 4745382539423271026, guid: b6313642abe3d124c8b97cd9e98ace6c,
        type: 3}
      propertyPath: m_LocalPosition.z
      value: 0
      objectReference: {fileID: 0}
    - target: {fileID: 4745382539423271026, guid: b6313642abe3d124c8b97cd9e98ace6c,
        type: 3}
      propertyPath: m_LocalRotation.x
      value: 0
      objectReference: {fileID: 0}
    - target: {fileID: 4745382539423271026, guid: b6313642abe3d124c8b97cd9e98ace6c,
        type: 3}
      propertyPath: m_LocalRotation.y
      value: 0
      objectReference: {fileID: 0}
    - target: {fileID: 4745382539423271026, guid: b6313642abe3d124c8b97cd9e98ace6c,
        type: 3}
      propertyPath: m_LocalRotation.z
      value: 0
      objectReference: {fileID: 0}
    - target: {fileID: 4745382539423271026, guid: b6313642abe3d124c8b97cd9e98ace6c,
        type: 3}
      propertyPath: m_LocalRotation.w
      value: 1
      objectReference: {fileID: 0}
    - target: {fileID: 4745382539423271026, guid: b6313642abe3d124c8b97cd9e98ace6c,
        type: 3}
      propertyPath: m_RootOrder
      value: 7
      objectReference: {fileID: 0}
    - target: {fileID: 4745382539423271026, guid: b6313642abe3d124c8b97cd9e98ace6c,
        type: 3}
      propertyPath: m_LocalEulerAnglesHint.x
      value: 0
      objectReference: {fileID: 0}
    - target: {fileID: 4745382539423271026, guid: b6313642abe3d124c8b97cd9e98ace6c,
        type: 3}
      propertyPath: m_LocalEulerAnglesHint.y
      value: 0
      objectReference: {fileID: 0}
    - target: {fileID: 4745382539423271026, guid: b6313642abe3d124c8b97cd9e98ace6c,
        type: 3}
      propertyPath: m_LocalEulerAnglesHint.z
      value: 0
      objectReference: {fileID: 0}
    - target: {fileID: 4745382539423271027, guid: b6313642abe3d124c8b97cd9e98ace6c,
        type: 3}
      propertyPath: m_fadeoutFog
      value: 
      objectReference: {fileID: 1939688233}
    - target: {fileID: 4745382539423271028, guid: b6313642abe3d124c8b97cd9e98ace6c,
        type: 3}
      propertyPath: m_Name
      value: WaveControl
      objectReference: {fileID: 0}
    - target: {fileID: 4850668559305759552, guid: b6313642abe3d124c8b97cd9e98ace6c,
        type: 3}
      propertyPath: m_fadeoutFog
      value: 
      objectReference: {fileID: 1939688233}
    - target: {fileID: 4850668559305759552, guid: b6313642abe3d124c8b97cd9e98ace6c,
        type: 3}
      propertyPath: m_resultScreenPrefab
      value: 
      objectReference: {fileID: 8654666868961432400, guid: c0a04eb0edc2a584bb5006650afcc728,
        type: 3}
    - target: {fileID: 5667438942902709687, guid: b6313642abe3d124c8b97cd9e98ace6c,
        type: 3}
      propertyPath: m_LocalPosition.x
      value: -15
      objectReference: {fileID: 0}
    - target: {fileID: 6530615127491254418, guid: b6313642abe3d124c8b97cd9e98ace6c,
        type: 3}
      propertyPath: m_navMeshSurface
      value: 
      objectReference: {fileID: 0}
    - target: {fileID: 6530615127491254418, guid: b6313642abe3d124c8b97cd9e98ace6c,
        type: 3}
      propertyPath: m_spawnerPrefab.PrefabGO
      value: 
      objectReference: {fileID: 4770518113403326366, guid: a93ca8106cbe33147bda109ce11951d9,
        type: 3}
    - target: {fileID: 6530615127491254418, guid: b6313642abe3d124c8b97cd9e98ace6c,
        type: 3}
      propertyPath: m_tileMover
      value: 
      objectReference: {fileID: 0}
    - target: {fileID: 6530615127491254418, guid: b6313642abe3d124c8b97cd9e98ace6c,
        type: 3}
      propertyPath: m_arena
      value: 
      objectReference: {fileID: 0}
    - target: {fileID: 6876896886098693616, guid: b6313642abe3d124c8b97cd9e98ace6c,
        type: 3}
      propertyPath: m_overrideVariables.Array.size
      value: 1
      objectReference: {fileID: 0}
    - target: {fileID: 6876896886098693616, guid: b6313642abe3d124c8b97cd9e98ace6c,
        type: 3}
      propertyPath: m_overrideValues.Array.size
      value: 1
      objectReference: {fileID: 0}
    - target: {fileID: 6876896886098693616, guid: b6313642abe3d124c8b97cd9e98ace6c,
        type: 3}
      propertyPath: m_overrideVariables.Array.data[0]
      value: 
      objectReference: {fileID: 9103605149945624607, guid: ba6e949d2378be44b8dc141a6fa08e71,
        type: 2}
    - target: {fileID: 6876896886098693616, guid: b6313642abe3d124c8b97cd9e98ace6c,
        type: 3}
      propertyPath: m_overrideValues.Array.data[0].ObjectValue
      value: 
      objectReference: {fileID: 1625084671}
    - target: {fileID: 6980552684071556030, guid: b6313642abe3d124c8b97cd9e98ace6c,
        type: 3}
      propertyPath: m_LocalPosition.x
      value: 15
      objectReference: {fileID: 0}
    - target: {fileID: 8906933069678460182, guid: b6313642abe3d124c8b97cd9e98ace6c,
        type: 3}
      propertyPath: m_LocalPosition.z
      value: 15
      objectReference: {fileID: 0}
    m_RemovedComponents: []
  m_SourcePrefab: {fileID: 100100000, guid: b6313642abe3d124c8b97cd9e98ace6c, type: 3}
--- !u!4 &1281367285 stripped
Transform:
  m_CorrespondingSourceObject: {fileID: 4745382539423271026, guid: b6313642abe3d124c8b97cd9e98ace6c,
    type: 3}
  m_PrefabInstance: {fileID: 1281367284}
  m_PrefabAsset: {fileID: 0}
--- !u!114 &1281367286 stripped
MonoBehaviour:
  m_CorrespondingSourceObject: {fileID: 2703712844292410035, guid: b6313642abe3d124c8b97cd9e98ace6c,
    type: 3}
  m_PrefabInstance: {fileID: 1281367284}
  m_PrefabAsset: {fileID: 0}
  m_GameObject: {fileID: 0}
  m_Enabled: 1
  m_EditorHideFlags: 0
  m_Script: {fileID: 11500000, guid: 2169dbc02cef581419fc62aea9d72230, type: 3}
  m_Name: 
  m_EditorClassIdentifier: 
--- !u!114 &1281367287 stripped
MonoBehaviour:
  m_CorrespondingSourceObject: {fileID: 8037654084598434502, guid: b6313642abe3d124c8b97cd9e98ace6c,
    type: 3}
  m_PrefabInstance: {fileID: 1281367284}
  m_PrefabAsset: {fileID: 0}
  m_GameObject: {fileID: 0}
  m_Enabled: 1
  m_EditorHideFlags: 0
  m_Script: {fileID: 11500000, guid: 7d25d4c5e1cfe204eab2bcecf49c7c25, type: 3}
  m_Name: 
  m_EditorClassIdentifier: 
--- !u!1 &1612323035
GameObject:
  m_ObjectHideFlags: 0
  m_CorrespondingSourceObject: {fileID: 0}
  m_PrefabInstance: {fileID: 0}
  m_PrefabAsset: {fileID: 0}
  serializedVersion: 6
  m_Component:
  - component: {fileID: 1612323036}
  - component: {fileID: 1612323038}
  - component: {fileID: 1612323037}
  m_Layer: 0
  m_Name: Mod_Paper_Building_A (43)
  m_TagString: Untagged
  m_Icon: {fileID: 0}
  m_NavMeshLayer: 0
  m_StaticEditorFlags: 4294967295
  m_IsActive: 1
--- !u!4 &1612323036
Transform:
  m_ObjectHideFlags: 0
  m_CorrespondingSourceObject: {fileID: 0}
  m_PrefabInstance: {fileID: 0}
  m_PrefabAsset: {fileID: 0}
  m_GameObject: {fileID: 1612323035}
  m_LocalRotation: {x: 0.000000014322148, y: -0.9046457, z: 0.00000002535078, w: 0.4261645}
  m_LocalPosition: {x: -2.9, y: -29.6, z: 91.6}
  m_LocalScale: {x: 1, y: 1, z: 1}
  m_Children: []
  m_Father: {fileID: 7973976374252446603}
  m_RootOrder: 149
  m_LocalEulerAnglesHint: {x: 0, y: -129.55101, z: 0}
--- !u!23 &1612323037
MeshRenderer:
  m_ObjectHideFlags: 0
  m_CorrespondingSourceObject: {fileID: 0}
  m_PrefabInstance: {fileID: 0}
  m_PrefabAsset: {fileID: 0}
  m_GameObject: {fileID: 1612323035}
  m_Enabled: 1
  m_CastShadows: 0
  m_ReceiveShadows: 1
  m_DynamicOccludee: 1
  m_MotionVectors: 1
  m_LightProbeUsage: 1
  m_ReflectionProbeUsage: 1
  m_RayTracingMode: 2
  m_RenderingLayerMask: 1
  m_RendererPriority: 0
  m_Materials:
  - {fileID: 2100000, guid: 804a55eb3031baa4aa735634f39952f7, type: 2}
  m_StaticBatchInfo:
    firstSubMesh: 0
    subMeshCount: 0
  m_StaticBatchRoot: {fileID: 0}
  m_ProbeAnchor: {fileID: 0}
  m_LightProbeVolumeOverride: {fileID: 0}
  m_ScaleInLightmap: 1
  m_ReceiveGI: 1
  m_PreserveUVs: 0
  m_IgnoreNormalsForChartDetection: 0
  m_ImportantGI: 0
  m_StitchLightmapSeams: 1
  m_SelectedEditorRenderState: 3
  m_MinimumChartSize: 4
  m_AutoUVMaxDistance: 0.5
  m_AutoUVMaxAngle: 89
  m_LightmapParameters: {fileID: 0}
  m_SortingLayerID: 0
  m_SortingLayer: 0
  m_SortingOrder: 0
--- !u!33 &1612323038
MeshFilter:
  m_ObjectHideFlags: 0
  m_CorrespondingSourceObject: {fileID: 0}
  m_PrefabInstance: {fileID: 0}
  m_PrefabAsset: {fileID: 0}
  m_GameObject: {fileID: 1612323035}
  m_Mesh: {fileID: -1219006633366578750, guid: d9b39c5b703357647862534c4ace9bbc, type: 3}
--- !u!1 &1625084671
GameObject:
  m_ObjectHideFlags: 0
  m_CorrespondingSourceObject: {fileID: 0}
  m_PrefabInstance: {fileID: 0}
  m_PrefabAsset: {fileID: 0}
  serializedVersion: 6
  m_Component:
  - component: {fileID: 1625084673}
  - component: {fileID: 1625084672}
  - component: {fileID: 1625084674}
  m_Layer: 0
  m_Name: NavMesh
  m_TagString: Untagged
  m_Icon: {fileID: 0}
  m_NavMeshLayer: 0
  m_StaticEditorFlags: 0
  m_IsActive: 1
--- !u!114 &1625084672
MonoBehaviour:
  m_ObjectHideFlags: 0
  m_CorrespondingSourceObject: {fileID: 0}
  m_PrefabInstance: {fileID: 0}
  m_PrefabAsset: {fileID: 0}
  m_GameObject: {fileID: 1625084671}
  m_Enabled: 0
  m_EditorHideFlags: 0
  m_Script: {fileID: 11500000, guid: 7a5ac11cc976e418e8d13136b07e1f52, type: 3}
  m_Name: 
  m_EditorClassIdentifier: 
  m_AgentTypeID: -1372625422
  m_CollectObjects: 0
  m_Size: {x: 10, y: 10, z: 10}
  m_Center: {x: 0, y: 2, z: 0}
  m_LayerMask:
    serializedVersion: 2
    m_Bits: 1024
  m_UseGeometry: 1
  m_DefaultArea: 0
  m_IgnoreNavMeshAgent: 1
  m_IgnoreNavMeshObstacle: 1
  m_OverrideTileSize: 0
  m_TileSize: 256
  m_OverrideVoxelSize: 0
  m_VoxelSize: 0.5
  m_BuildHeightMesh: 0
  m_NavMeshData: {fileID: 0}
--- !u!4 &1625084673
Transform:
  m_ObjectHideFlags: 0
  m_CorrespondingSourceObject: {fileID: 0}
  m_PrefabInstance: {fileID: 0}
  m_PrefabAsset: {fileID: 0}
  m_GameObject: {fileID: 1625084671}
  m_LocalRotation: {x: -0, y: -0, z: -0, w: 1}
  m_LocalPosition: {x: 0, y: 0, z: 0}
  m_LocalScale: {x: 1, y: 1, z: 1}
  m_Children:
  - {fileID: 247735287}
  m_Father: {fileID: 1679948830}
  m_RootOrder: 2
  m_LocalEulerAnglesHint: {x: 0, y: 0, z: 0}
--- !u!114 &1625084674
MonoBehaviour:
  m_ObjectHideFlags: 0
  m_CorrespondingSourceObject: {fileID: 0}
  m_PrefabInstance: {fileID: 0}
  m_PrefabAsset: {fileID: 0}
  m_GameObject: {fileID: 1625084671}
  m_Enabled: 1
  m_EditorHideFlags: 0
  m_Script: {fileID: 11500000, guid: 115dfe7b0938447cbbf9507076f54049, type: 3}
  m_Name: 
  m_EditorClassIdentifier: 
  m_AgentTypeID: -1372625422
  m_Tracked: {fileID: 0}
  m_Size: {x: 150, y: 5, z: 150}
--- !u!1 &1679948828
GameObject:
  m_ObjectHideFlags: 0
  m_CorrespondingSourceObject: {fileID: 0}
  m_PrefabInstance: {fileID: 0}
  m_PrefabAsset: {fileID: 0}
  serializedVersion: 6
  m_Component:
  - component: {fileID: 1679948830}
  - component: {fileID: 1679948831}
  - component: {fileID: 1679948832}
  - component: {fileID: 1679948829}
  - component: {fileID: 1679948834}
  - component: {fileID: 1679948833}
  m_Layer: 0
  m_Name: _Scene
  m_TagString: Untagged
  m_Icon: {fileID: 0}
  m_NavMeshLayer: 0
  m_StaticEditorFlags: 0
  m_IsActive: 1
--- !u!114 &1679948829
MonoBehaviour:
  m_ObjectHideFlags: 0
  m_CorrespondingSourceObject: {fileID: 0}
  m_PrefabInstance: {fileID: 0}
  m_PrefabAsset: {fileID: 0}
  m_GameObject: {fileID: 1679948828}
  m_Enabled: 0
  m_EditorHideFlags: 0
  m_Script: {fileID: 11500000, guid: 85a6ebdedbc00d34daf185c3b4807405, type: 3}
  m_Name: 
  m_EditorClassIdentifier: 
  m_respawn: 0
  m_ignoreSchemes: 0
  m_ignoredSchemes:
  - KeyboardScheme
  m_reloadScene: Scn_Hub
  m_reloadKey: 114
  m_joinEvent:
    m_PersistentCalls:
      m_Calls:
      - m_Target: {fileID: 1281367286}
        m_MethodName: StartLevelWhenOnInit
        m_Mode: 1
        m_Arguments:
          m_ObjectArgument: {fileID: 0}
          m_ObjectArgumentAssemblyTypeName: UnityEngine.Object, UnityEngine
          m_IntArgument: 0
          m_FloatArgument: 0
          m_StringArgument: 
          m_BoolArgument: 0
        m_CallState: 2
      - m_Target: {fileID: 1281367287}
        m_MethodName: OnPlayerJoin
        m_Mode: 1
        m_Arguments:
          m_ObjectArgument: {fileID: 0}
          m_ObjectArgumentAssemblyTypeName: UnityEngine.Object, UnityEngine
          m_IntArgument: 0
          m_FloatArgument: 0
          m_StringArgument: 
          m_BoolArgument: 0
        m_CallState: 2
      - m_Target: {fileID: 719279575}
        m_MethodName: SetActive
        m_Mode: 6
        m_Arguments:
          m_ObjectArgument: {fileID: 0}
          m_ObjectArgumentAssemblyTypeName: UnityEngine.Object, UnityEngine
          m_IntArgument: 0
          m_FloatArgument: 0
          m_StringArgument: 
          m_BoolArgument: 0
        m_CallState: 2
--- !u!4 &1679948830
Transform:
  m_ObjectHideFlags: 0
  m_CorrespondingSourceObject: {fileID: 0}
  m_PrefabInstance: {fileID: 0}
  m_PrefabAsset: {fileID: 0}
  m_GameObject: {fileID: 1679948828}
  m_LocalRotation: {x: 0, y: 0, z: 0, w: 1}
  m_LocalPosition: {x: 0, y: 0, z: 0}
  m_LocalScale: {x: 1, y: 1, z: 1}
  m_Children:
  - {fileID: 445764223}
  - {fileID: 460519764}
  - {fileID: 1625084673}
  - {fileID: 1939688234}
  - {fileID: 7973976374252446603}
  - {fileID: 8658497581577518513}
  - {fileID: 719279579}
  - {fileID: 1281367285}
  m_Father: {fileID: 0}
  m_RootOrder: 0
  m_LocalEulerAnglesHint: {x: 0, y: 0, z: 0}
--- !u!114 &1679948831
MonoBehaviour:
  m_ObjectHideFlags: 0
  m_CorrespondingSourceObject: {fileID: 0}
  m_PrefabInstance: {fileID: 0}
  m_PrefabAsset: {fileID: 0}
  m_GameObject: {fileID: 1679948828}
  m_Enabled: 1
  m_EditorHideFlags: 0
  m_Script: {fileID: 11500000, guid: 49ea4f0196f1ec348b63cba8f15fa545, type: 3}
  m_Name: 
  m_EditorClassIdentifier: 
  m_onSceneActivated:
    m_PersistentCalls:
      m_Calls: []
  m_onSceneDeactivated:
    m_PersistentCalls:
      m_Calls: []
  m_transitions: []
  m_cameraSetupPos: {fileID: 1679948830}
  m_lightSettings:
    m_mainLightColor: {r: 1, g: 1, b: 1, a: 1}
    m_rimLightColor: {r: 0.80248594, g: 0.3254717, b: 1, a: 1}
--- !u!114 &1679948832
MonoBehaviour:
  m_ObjectHideFlags: 0
  m_CorrespondingSourceObject: {fileID: 0}
  m_PrefabInstance: {fileID: 0}
  m_PrefabAsset: {fileID: 0}
  m_GameObject: {fileID: 1679948828}
  m_Enabled: 1
  m_EditorHideFlags: 0
  m_Script: {fileID: 11500000, guid: 24b4944d83247a947ab54e629abce8da, type: 3}
  m_Name: 
  m_EditorClassIdentifier: 
  m_configLinks: {fileID: 11400000, guid: 0b94789dfcf0bd24796c4f129d72c11f, type: 2}
  m_hudInitialActive: 0
  m_scenes: []
  m_setupLoad: {fileID: -1264808663204403008, guid: 487e650209fd6db48a9b840a5910663c,
    type: 2}
  SceneSetup:
    m_PersistentCalls:
      m_Calls:
      - m_Target: {fileID: 1281367286}
        m_MethodName: StartLevel
        m_Mode: 1
        m_Arguments:
          m_ObjectArgument: {fileID: 0}
          m_ObjectArgumentAssemblyTypeName: UnityEngine.Object, UnityEngine
          m_IntArgument: 0
          m_FloatArgument: 0
          m_StringArgument: 
          m_BoolArgument: 0
        m_CallState: 2
  OnGameSetupFromThisScene:
    m_PersistentCalls:
      m_Calls:
      - m_Target: {fileID: 1679948829}
        m_MethodName: LinkPlayerInputManager
        m_Mode: 1
        m_Arguments:
          m_ObjectArgument: {fileID: 0}
          m_ObjectArgumentAssemblyTypeName: UnityEngine.Object, UnityEngine
          m_IntArgument: 0
          m_FloatArgument: 0
          m_StringArgument: 
          m_BoolArgument: 0
        m_CallState: 2
      - m_Target: {fileID: 719279575}
        m_MethodName: SetActive
        m_Mode: 6
        m_Arguments:
          m_ObjectArgument: {fileID: 0}
          m_ObjectArgumentAssemblyTypeName: UnityEngine.Object, UnityEngine
          m_IntArgument: 0
          m_FloatArgument: 0
          m_StringArgument: 
          m_BoolArgument: 1
        m_CallState: 2
--- !u!114 &1679948833
MonoBehaviour:
  m_ObjectHideFlags: 0
  m_CorrespondingSourceObject: {fileID: 0}
  m_PrefabInstance: {fileID: 0}
  m_PrefabAsset: {fileID: 0}
  m_GameObject: {fileID: 1679948828}
  m_Enabled: 1
  m_EditorHideFlags: 0
  m_Script: {fileID: 11500000, guid: 03e44ba3a57740141aea8105d5ab4be2, type: 3}
  m_Name: 
  m_EditorClassIdentifier: 
  m_scene:
    m_sceneAsset: {fileID: 102900000, guid: 1519e68c836caf64292ee999d164a594, type: 3}
    m_scenePath: Assets/_PitRush/Scenes/Scn_GameOver.unity
    m_sceneName: Scn_GameOver
  m_onSceneLoaded:
    m_PersistentCalls:
      m_Calls: []
  m_mode: 1
  m_autoTrigger: 0
  m_autoTriggerLoadActivated: 0
  m_loadID: {fileID: -4084708489915060896, guid: 487e650209fd6db48a9b840a5910663c,
    type: 2}
--- !u!114 &1679948834
MonoBehaviour:
  m_ObjectHideFlags: 0
  m_CorrespondingSourceObject: {fileID: 0}
  m_PrefabInstance: {fileID: 0}
  m_PrefabAsset: {fileID: 0}
  m_GameObject: {fileID: 1679948828}
  m_Enabled: 1
  m_EditorHideFlags: 0
  m_Script: {fileID: 11500000, guid: dac4c6c5d9b913143b68211289457566, type: 3}
  m_Name: 
  m_EditorClassIdentifier: 
  m_onAllPlayersDead:
    m_PersistentCalls:
      m_Calls:
      - m_Target: {fileID: 1679948833}
        m_MethodName: LoadScene
        m_Mode: 1
        m_Arguments:
          m_ObjectArgument: {fileID: 0}
          m_ObjectArgumentAssemblyTypeName: UnityEngine.Object, UnityEngine
          m_IntArgument: 0
          m_FloatArgument: 0
          m_StringArgument: 
          m_BoolArgument: 0
        m_CallState: 2
  m_tutorialReviveDialogue: {fileID: 11400000, guid: cf3965f9f4b6f5a43a5017a754cf8af6,
    type: 2}
--- !u!1 &1813151756
GameObject:
  m_ObjectHideFlags: 0
  m_CorrespondingSourceObject: {fileID: 0}
  m_PrefabInstance: {fileID: 0}
  m_PrefabAsset: {fileID: 0}
  serializedVersion: 6
  m_Component:
  - component: {fileID: 1813151757}
  - component: {fileID: 1813151759}
  - component: {fileID: 1813151758}
  m_Layer: 0
  m_Name: Mod_Paper_Building_B (23)
  m_TagString: Untagged
  m_Icon: {fileID: 0}
  m_NavMeshLayer: 0
  m_StaticEditorFlags: 4294967295
  m_IsActive: 1
--- !u!4 &1813151757
Transform:
  m_ObjectHideFlags: 0
  m_CorrespondingSourceObject: {fileID: 0}
  m_PrefabInstance: {fileID: 0}
  m_PrefabAsset: {fileID: 0}
  m_GameObject: {fileID: 1813151756}
  m_LocalRotation: {x: 0.000000019149581, y: 0.9717965, z: 0.000000010533982, w: -0.23582123}
  m_LocalPosition: {x: -52.7, y: -112.1, z: 1.4}
  m_LocalScale: {x: 1, y: 1, z: 1}
  m_Children: []
  m_Father: {fileID: 7973976374252446603}
  m_RootOrder: 151
  m_LocalEulerAnglesHint: {x: 0, y: 207.28, z: 0}
--- !u!23 &1813151758
MeshRenderer:
  m_ObjectHideFlags: 0
  m_CorrespondingSourceObject: {fileID: 0}
  m_PrefabInstance: {fileID: 0}
  m_PrefabAsset: {fileID: 0}
  m_GameObject: {fileID: 1813151756}
  m_Enabled: 1
  m_CastShadows: 0
  m_ReceiveShadows: 1
  m_DynamicOccludee: 1
  m_MotionVectors: 1
  m_LightProbeUsage: 1
  m_ReflectionProbeUsage: 1
  m_RayTracingMode: 2
  m_RenderingLayerMask: 1
  m_RendererPriority: 0
  m_Materials:
  - {fileID: 2100000, guid: 88b98f335459cd7408c50f312ac9ed61, type: 2}
  m_StaticBatchInfo:
    firstSubMesh: 0
    subMeshCount: 0
  m_StaticBatchRoot: {fileID: 0}
  m_ProbeAnchor: {fileID: 0}
  m_LightProbeVolumeOverride: {fileID: 0}
  m_ScaleInLightmap: 1
  m_ReceiveGI: 1
  m_PreserveUVs: 0
  m_IgnoreNormalsForChartDetection: 0
  m_ImportantGI: 0
  m_StitchLightmapSeams: 1
  m_SelectedEditorRenderState: 3
  m_MinimumChartSize: 4
  m_AutoUVMaxDistance: 0.5
  m_AutoUVMaxAngle: 89
  m_LightmapParameters: {fileID: 0}
  m_SortingLayerID: 0
  m_SortingLayer: 0
  m_SortingOrder: 0
--- !u!33 &1813151759
MeshFilter:
  m_ObjectHideFlags: 0
  m_CorrespondingSourceObject: {fileID: 0}
  m_PrefabInstance: {fileID: 0}
  m_PrefabAsset: {fileID: 0}
  m_GameObject: {fileID: 1813151756}
  m_Mesh: {fileID: 3580359691798421539, guid: d9b39c5b703357647862534c4ace9bbc, type: 3}
--- !u!1 &1892181331
GameObject:
  m_ObjectHideFlags: 0
  m_CorrespondingSourceObject: {fileID: 0}
  m_PrefabInstance: {fileID: 0}
  m_PrefabAsset: {fileID: 0}
  serializedVersion: 6
  m_Component:
  - component: {fileID: 1892181332}
  - component: {fileID: 1892181334}
  - component: {fileID: 1892181333}
  m_Layer: 0
  m_Name: Mod_Paper_Building_D_1 (21)
  m_TagString: Untagged
  m_Icon: {fileID: 0}
  m_NavMeshLayer: 0
  m_StaticEditorFlags: 4294967295
  m_IsActive: 1
--- !u!4 &1892181332
Transform:
  m_ObjectHideFlags: 0
  m_CorrespondingSourceObject: {fileID: 0}
  m_PrefabInstance: {fileID: 0}
  m_PrefabAsset: {fileID: 0}
  m_GameObject: {fileID: 1892181331}
  m_LocalRotation: {x: 0.000000013143581, y: 0.39068016, z: -0.000000024885146, w: -0.92052656}
  m_LocalPosition: {x: -6.6, y: -120.4, z: 60.6}
  m_LocalScale: {x: 1.1322411, y: 1.9128687, z: 1.1322411}
  m_Children: []
  m_Father: {fileID: 7973976374252446603}
  m_RootOrder: 143
  m_LocalEulerAnglesHint: {x: 0, y: -405.99402, z: 0}
--- !u!23 &1892181333
MeshRenderer:
  m_ObjectHideFlags: 0
  m_CorrespondingSourceObject: {fileID: 0}
  m_PrefabInstance: {fileID: 0}
  m_PrefabAsset: {fileID: 0}
  m_GameObject: {fileID: 1892181331}
  m_Enabled: 1
  m_CastShadows: 0
  m_ReceiveShadows: 1
  m_DynamicOccludee: 1
  m_MotionVectors: 1
  m_LightProbeUsage: 1
  m_ReflectionProbeUsage: 1
  m_RayTracingMode: 2
  m_RenderingLayerMask: 1
  m_RendererPriority: 0
  m_Materials:
  - {fileID: 2100000, guid: c10cc8e33b216fb4eae594e30a00d7f7, type: 2}
  m_StaticBatchInfo:
    firstSubMesh: 0
    subMeshCount: 0
  m_StaticBatchRoot: {fileID: 0}
  m_ProbeAnchor: {fileID: 0}
  m_LightProbeVolumeOverride: {fileID: 0}
  m_ScaleInLightmap: 1
  m_ReceiveGI: 1
  m_PreserveUVs: 0
  m_IgnoreNormalsForChartDetection: 0
  m_ImportantGI: 0
  m_StitchLightmapSeams: 1
  m_SelectedEditorRenderState: 3
  m_MinimumChartSize: 4
  m_AutoUVMaxDistance: 0.5
  m_AutoUVMaxAngle: 89
  m_LightmapParameters: {fileID: 0}
  m_SortingLayerID: 0
  m_SortingLayer: 0
  m_SortingOrder: 0
--- !u!33 &1892181334
MeshFilter:
  m_ObjectHideFlags: 0
  m_CorrespondingSourceObject: {fileID: 0}
  m_PrefabInstance: {fileID: 0}
  m_PrefabAsset: {fileID: 0}
  m_GameObject: {fileID: 1892181331}
  m_Mesh: {fileID: -7286653733756306906, guid: d9b39c5b703357647862534c4ace9bbc, type: 3}
--- !u!1 &1903698844
GameObject:
  m_ObjectHideFlags: 0
  m_CorrespondingSourceObject: {fileID: 0}
  m_PrefabInstance: {fileID: 0}
  m_PrefabAsset: {fileID: 0}
  serializedVersion: 6
  m_Component:
  - component: {fileID: 1903698845}
  - component: {fileID: 1903698847}
  - component: {fileID: 1903698846}
  m_Layer: 0
  m_Name: Mod_Paper_Building_C (42)
  m_TagString: Untagged
  m_Icon: {fileID: 0}
  m_NavMeshLayer: 0
  m_StaticEditorFlags: 4294967295
  m_IsActive: 1
--- !u!4 &1903698845
Transform:
  m_ObjectHideFlags: 0
  m_CorrespondingSourceObject: {fileID: 0}
  m_PrefabInstance: {fileID: 0}
  m_PrefabAsset: {fileID: 0}
  m_GameObject: {fileID: 1903698844}
  m_LocalRotation: {x: 0.000000012203799, y: -0.88163674, z: -0.000000018131171, w: -0.4719287}
  m_LocalPosition: {x: -20.6, y: -80.9, z: -22.2}
  m_LocalScale: {x: 1, y: 1, z: 1}
  m_Children: []
  m_Father: {fileID: 7973976374252446603}
  m_RootOrder: 146
  m_LocalEulerAnglesHint: {x: 0, y: -236.319, z: 0}
--- !u!23 &1903698846
MeshRenderer:
  m_ObjectHideFlags: 0
  m_CorrespondingSourceObject: {fileID: 0}
  m_PrefabInstance: {fileID: 0}
  m_PrefabAsset: {fileID: 0}
  m_GameObject: {fileID: 1903698844}
  m_Enabled: 1
  m_CastShadows: 0
  m_ReceiveShadows: 1
  m_DynamicOccludee: 1
  m_MotionVectors: 1
  m_LightProbeUsage: 1
  m_ReflectionProbeUsage: 1
  m_RayTracingMode: 2
  m_RenderingLayerMask: 1
  m_RendererPriority: 0
  m_Materials:
  - {fileID: 2100000, guid: 2b18ba351357fb4409b15d458c4ad5c2, type: 2}
  m_StaticBatchInfo:
    firstSubMesh: 0
    subMeshCount: 0
  m_StaticBatchRoot: {fileID: 0}
  m_ProbeAnchor: {fileID: 0}
  m_LightProbeVolumeOverride: {fileID: 0}
  m_ScaleInLightmap: 1
  m_ReceiveGI: 1
  m_PreserveUVs: 0
  m_IgnoreNormalsForChartDetection: 0
  m_ImportantGI: 0
  m_StitchLightmapSeams: 1
  m_SelectedEditorRenderState: 3
  m_MinimumChartSize: 4
  m_AutoUVMaxDistance: 0.5
  m_AutoUVMaxAngle: 89
  m_LightmapParameters: {fileID: 0}
  m_SortingLayerID: 0
  m_SortingLayer: 0
  m_SortingOrder: 0
--- !u!33 &1903698847
MeshFilter:
  m_ObjectHideFlags: 0
  m_CorrespondingSourceObject: {fileID: 0}
  m_PrefabInstance: {fileID: 0}
  m_PrefabAsset: {fileID: 0}
  m_GameObject: {fileID: 1903698844}
  m_Mesh: {fileID: -7129604017853273966, guid: d9b39c5b703357647862534c4ace9bbc, type: 3}
--- !u!1 &1939688233
GameObject:
  m_ObjectHideFlags: 0
  m_CorrespondingSourceObject: {fileID: 0}
  m_PrefabInstance: {fileID: 0}
  m_PrefabAsset: {fileID: 0}
  serializedVersion: 6
  m_Component:
  - component: {fileID: 1939688234}
  - component: {fileID: 1939688236}
  m_Layer: 0
  m_Name: Fog Volume
  m_TagString: Untagged
  m_Icon: {fileID: 0}
  m_NavMeshLayer: 0
  m_StaticEditorFlags: 0
  m_IsActive: 1
--- !u!4 &1939688234
Transform:
  m_ObjectHideFlags: 0
  m_CorrespondingSourceObject: {fileID: 0}
  m_PrefabInstance: {fileID: 0}
  m_PrefabAsset: {fileID: 0}
  m_GameObject: {fileID: 1939688233}
  m_LocalRotation: {x: 0, y: 0, z: 0, w: 1}
  m_LocalPosition: {x: 0, y: -139.5, z: 0}
  m_LocalScale: {x: 1, y: 1, z: 1}
  m_Children: []
  m_Father: {fileID: 1679948830}
  m_RootOrder: 3
  m_LocalEulerAnglesHint: {x: 0, y: 0, z: 0}
--- !u!114 &1939688236
MonoBehaviour:
  m_ObjectHideFlags: 0
  m_CorrespondingSourceObject: {fileID: 0}
  m_PrefabInstance: {fileID: 0}
  m_PrefabAsset: {fileID: 0}
  m_GameObject: {fileID: 1939688233}
  m_Enabled: 1
  m_EditorHideFlags: 0
  m_Script: {fileID: 11500000, guid: 172515602e62fb746b5d573b38a5fe58, type: 3}
  m_Name: 
  m_EditorClassIdentifier: 
  isGlobal: 1
  priority: 0
  blendDistance: 1
  weight: 1
  sharedProfile: {fileID: 11400000, guid: 0cf08362e6f685142b4727fbf4f0bbb3, type: 2}
--- !u!1001 &2067331761
PrefabInstance:
  m_ObjectHideFlags: 0
  serializedVersion: 2
  m_Modification:
    m_TransformParent: {fileID: 1679948830}
    m_Modifications:
    - target: {fileID: -4216859302048453862, guid: 1548b8c9d14886e4fab7ba553c4a4ddf,
        type: 3}
      propertyPath: m_LocalPosition.x
      value: -0
      objectReference: {fileID: 0}
    - target: {fileID: -4216859302048453862, guid: 1548b8c9d14886e4fab7ba553c4a4ddf,
        type: 3}
      propertyPath: m_LocalPosition.y
      value: -22
      objectReference: {fileID: 0}
    - target: {fileID: -4216859302048453862, guid: 1548b8c9d14886e4fab7ba553c4a4ddf,
        type: 3}
      propertyPath: m_LocalPosition.z
      value: -0
      objectReference: {fileID: 0}
    - target: {fileID: -4216859302048453862, guid: 1548b8c9d14886e4fab7ba553c4a4ddf,
        type: 3}
      propertyPath: m_LocalRotation.x
      value: -0.7071068
      objectReference: {fileID: 0}
    - target: {fileID: -4216859302048453862, guid: 1548b8c9d14886e4fab7ba553c4a4ddf,
        type: 3}
      propertyPath: m_LocalRotation.y
      value: 0
      objectReference: {fileID: 0}
    - target: {fileID: -4216859302048453862, guid: 1548b8c9d14886e4fab7ba553c4a4ddf,
        type: 3}
      propertyPath: m_LocalRotation.z
      value: 0
      objectReference: {fileID: 0}
    - target: {fileID: -4216859302048453862, guid: 1548b8c9d14886e4fab7ba553c4a4ddf,
        type: 3}
      propertyPath: m_LocalRotation.w
      value: 0.7071068
      objectReference: {fileID: 0}
    - target: {fileID: -4216859302048453862, guid: 1548b8c9d14886e4fab7ba553c4a4ddf,
        type: 3}
      propertyPath: m_RootOrder
      value: 1
      objectReference: {fileID: 0}
    - target: {fileID: -4216859302048453862, guid: 1548b8c9d14886e4fab7ba553c4a4ddf,
        type: 3}
      propertyPath: m_LocalEulerAnglesHint.x
      value: -90
      objectReference: {fileID: 0}
    - target: {fileID: -4216859302048453862, guid: 1548b8c9d14886e4fab7ba553c4a4ddf,
        type: 3}
      propertyPath: m_LocalEulerAnglesHint.y
      value: 0
      objectReference: {fileID: 0}
    - target: {fileID: -4216859302048453862, guid: 1548b8c9d14886e4fab7ba553c4a4ddf,
        type: 3}
      propertyPath: m_LocalEulerAnglesHint.z
      value: 0
      objectReference: {fileID: 0}
    - target: {fileID: -4216859302048453862, guid: 1548b8c9d14886e4fab7ba553c4a4ddf,
        type: 3}
      propertyPath: m_LocalScale.x
      value: 11000
      objectReference: {fileID: 0}
    - target: {fileID: -4216859302048453862, guid: 1548b8c9d14886e4fab7ba553c4a4ddf,
        type: 3}
      propertyPath: m_LocalScale.y
      value: 11000
      objectReference: {fileID: 0}
    - target: {fileID: -4216859302048453862, guid: 1548b8c9d14886e4fab7ba553c4a4ddf,
        type: 3}
      propertyPath: m_LocalScale.z
      value: 11000
      objectReference: {fileID: 0}
    - target: {fileID: -1504981713932161579, guid: 1548b8c9d14886e4fab7ba553c4a4ddf,
        type: 3}
      propertyPath: m_Materials.Array.data[0]
      value: 
      objectReference: {fileID: 2100000, guid: 71df64908cbf301458c8bcfe23e9954f, type: 2}
    - target: {fileID: -1504981713932161579, guid: 1548b8c9d14886e4fab7ba553c4a4ddf,
        type: 3}
      propertyPath: m_CastShadows
      value: 0
      objectReference: {fileID: 0}
    - target: {fileID: -927199367670048503, guid: 1548b8c9d14886e4fab7ba553c4a4ddf,
        type: 3}
      propertyPath: m_Name
      value: test_arenaWalls
      objectReference: {fileID: 0}
    - target: {fileID: -927199367670048503, guid: 1548b8c9d14886e4fab7ba553c4a4ddf,
        type: 3}
      propertyPath: m_IsActive
      value: 1
      objectReference: {fileID: 0}
    m_RemovedComponents: []
  m_SourcePrefab: {fileID: 100100000, guid: 1548b8c9d14886e4fab7ba553c4a4ddf, type: 3}
--- !u!1 &2076930497
GameObject:
  m_ObjectHideFlags: 0
  m_CorrespondingSourceObject: {fileID: 0}
  m_PrefabInstance: {fileID: 0}
  m_PrefabAsset: {fileID: 0}
  serializedVersion: 6
  m_Component:
  - component: {fileID: 2076930498}
  - component: {fileID: 2076930500}
  - component: {fileID: 2076930499}
  m_Layer: 0
  m_Name: Mod_Paper_Building_D_2 (16)
  m_TagString: Untagged
  m_Icon: {fileID: 0}
  m_NavMeshLayer: 0
  m_StaticEditorFlags: 4294967295
  m_IsActive: 1
--- !u!4 &2076930498
Transform:
  m_ObjectHideFlags: 0
  m_CorrespondingSourceObject: {fileID: 0}
  m_PrefabInstance: {fileID: 0}
  m_PrefabAsset: {fileID: 0}
  m_GameObject: {fileID: 2076930497}
  m_LocalRotation: {x: 0.000000019289665, y: -0.9345343, z: 0.0000000067076678, w: -0.3558731}
  m_LocalPosition: {x: 42.9, y: -142.8, z: 45.3}
  m_LocalScale: {x: 0.90862083, y: 1.5183963, z: 0.90862083}
  m_Children: []
  m_Father: {fileID: 7973976374252446603}
  m_RootOrder: 147
  m_LocalEulerAnglesHint: {x: 0, y: -221.694, z: 0}
--- !u!23 &2076930499
MeshRenderer:
  m_ObjectHideFlags: 0
  m_CorrespondingSourceObject: {fileID: 0}
  m_PrefabInstance: {fileID: 0}
  m_PrefabAsset: {fileID: 0}
  m_GameObject: {fileID: 2076930497}
  m_Enabled: 1
  m_CastShadows: 0
  m_ReceiveShadows: 1
  m_DynamicOccludee: 1
  m_MotionVectors: 1
  m_LightProbeUsage: 1
  m_ReflectionProbeUsage: 1
  m_RayTracingMode: 2
  m_RenderingLayerMask: 1
  m_RendererPriority: 0
  m_Materials:
  - {fileID: 2100000, guid: c10cc8e33b216fb4eae594e30a00d7f7, type: 2}
  m_StaticBatchInfo:
    firstSubMesh: 0
    subMeshCount: 0
  m_StaticBatchRoot: {fileID: 0}
  m_ProbeAnchor: {fileID: 0}
  m_LightProbeVolumeOverride: {fileID: 0}
  m_ScaleInLightmap: 1
  m_ReceiveGI: 1
  m_PreserveUVs: 0
  m_IgnoreNormalsForChartDetection: 0
  m_ImportantGI: 0
  m_StitchLightmapSeams: 1
  m_SelectedEditorRenderState: 3
  m_MinimumChartSize: 4
  m_AutoUVMaxDistance: 0.5
  m_AutoUVMaxAngle: 89
  m_LightmapParameters: {fileID: 0}
  m_SortingLayerID: 0
  m_SortingLayer: 0
  m_SortingOrder: 0
--- !u!33 &2076930500
MeshFilter:
  m_ObjectHideFlags: 0
  m_CorrespondingSourceObject: {fileID: 0}
  m_PrefabInstance: {fileID: 0}
  m_PrefabAsset: {fileID: 0}
  m_GameObject: {fileID: 2076930497}
  m_Mesh: {fileID: -8258855894710527642, guid: d9b39c5b703357647862534c4ace9bbc, type: 3}
--- !u!1001 &761759218783758975
PrefabInstance:
  m_ObjectHideFlags: 0
  serializedVersion: 2
  m_Modification:
    m_TransformParent: {fileID: 1679948830}
    m_Modifications:
    - target: {fileID: 6575376542159205342, guid: 4fb17333fe5c1344c88e0c694669ccb2,
        type: 3}
      propertyPath: m_LocalScale.z
      value: 250
      objectReference: {fileID: 0}
    - target: {fileID: 6575376542159205342, guid: 4fb17333fe5c1344c88e0c694669ccb2,
        type: 3}
      propertyPath: m_LocalScale.y
      value: 500
      objectReference: {fileID: 0}
    - target: {fileID: 8267314059607381966, guid: 4fb17333fe5c1344c88e0c694669ccb2,
        type: 3}
      propertyPath: m_LocalPosition.x
      value: 0
      objectReference: {fileID: 0}
    - target: {fileID: 8267314059607381966, guid: 4fb17333fe5c1344c88e0c694669ccb2,
        type: 3}
      propertyPath: m_LocalPosition.y
      value: 0
      objectReference: {fileID: 0}
    - target: {fileID: 8267314059607381966, guid: 4fb17333fe5c1344c88e0c694669ccb2,
        type: 3}
      propertyPath: m_LocalPosition.z
      value: 0
      objectReference: {fileID: 0}
    - target: {fileID: 8267314059607381966, guid: 4fb17333fe5c1344c88e0c694669ccb2,
        type: 3}
      propertyPath: m_LocalRotation.x
      value: -0
      objectReference: {fileID: 0}
    - target: {fileID: 8267314059607381966, guid: 4fb17333fe5c1344c88e0c694669ccb2,
        type: 3}
      propertyPath: m_LocalRotation.y
      value: -0
      objectReference: {fileID: 0}
    - target: {fileID: 8267314059607381966, guid: 4fb17333fe5c1344c88e0c694669ccb2,
        type: 3}
      propertyPath: m_LocalRotation.z
      value: -0
      objectReference: {fileID: 0}
    - target: {fileID: 8267314059607381966, guid: 4fb17333fe5c1344c88e0c694669ccb2,
        type: 3}
      propertyPath: m_LocalRotation.w
      value: 1
      objectReference: {fileID: 0}
    - target: {fileID: 8267314059607381966, guid: 4fb17333fe5c1344c88e0c694669ccb2,
        type: 3}
      propertyPath: m_RootOrder
      value: 5
      objectReference: {fileID: 0}
    - target: {fileID: 8267314059607381966, guid: 4fb17333fe5c1344c88e0c694669ccb2,
        type: 3}
      propertyPath: m_LocalEulerAnglesHint.x
      value: 0
      objectReference: {fileID: 0}
    - target: {fileID: 8267314059607381966, guid: 4fb17333fe5c1344c88e0c694669ccb2,
        type: 3}
      propertyPath: m_LocalEulerAnglesHint.y
      value: 0
      objectReference: {fileID: 0}
    - target: {fileID: 8267314059607381966, guid: 4fb17333fe5c1344c88e0c694669ccb2,
        type: 3}
      propertyPath: m_LocalEulerAnglesHint.z
      value: 0
      objectReference: {fileID: 0}
    - target: {fileID: 8267314059607381969, guid: 4fb17333fe5c1344c88e0c694669ccb2,
        type: 3}
      propertyPath: m_Name
      value: ArenaAmbientPoints
      objectReference: {fileID: 0}
    m_RemovedComponents: []
  m_SourcePrefab: {fileID: 100100000, guid: 4fb17333fe5c1344c88e0c694669ccb2, type: 3}
--- !u!4 &7973976374252446603 stripped
Transform:
  m_CorrespondingSourceObject: {fileID: 1709402278157939230, guid: 23bc2634eda33ca4c9d743915a81bfd5,
    type: 3}
  m_PrefabInstance: {fileID: 8723548426617508245}
  m_PrefabAsset: {fileID: 0}
--- !u!4 &8658497581577518513 stripped
Transform:
  m_CorrespondingSourceObject: {fileID: 8267314059607381966, guid: 4fb17333fe5c1344c88e0c694669ccb2,
    type: 3}
  m_PrefabInstance: {fileID: 761759218783758975}
  m_PrefabAsset: {fileID: 0}
--- !u!1001 &8723548426617508245
PrefabInstance:
  m_ObjectHideFlags: 0
  serializedVersion: 2
  m_Modification:
    m_TransformParent: {fileID: 1679948830}
    m_Modifications:
    - target: {fileID: 177637466267084674, guid: 23bc2634eda33ca4c9d743915a81bfd5,
        type: 3}
      propertyPath: m_LocalPosition.x
      value: -58.9
      objectReference: {fileID: 0}
    - target: {fileID: 177637466267084674, guid: 23bc2634eda33ca4c9d743915a81bfd5,
        type: 3}
      propertyPath: m_LocalPosition.z
      value: 80.9
      objectReference: {fileID: 0}
    - target: {fileID: 177637466267084674, guid: 23bc2634eda33ca4c9d743915a81bfd5,
        type: 3}
      propertyPath: m_LocalPosition.y
      value: 2.3
      objectReference: {fileID: 0}
    - target: {fileID: 1194633772837641614, guid: 23bc2634eda33ca4c9d743915a81bfd5,
        type: 3}
      propertyPath: m_LocalPosition.x
      value: -67.6
      objectReference: {fileID: 0}
    - target: {fileID: 1194633772837641614, guid: 23bc2634eda33ca4c9d743915a81bfd5,
        type: 3}
      propertyPath: m_LocalPosition.z
      value: -49.7
      objectReference: {fileID: 0}
    - target: {fileID: 1709402278157939230, guid: 23bc2634eda33ca4c9d743915a81bfd5,
        type: 3}
      propertyPath: m_LocalPosition.x
      value: 0
      objectReference: {fileID: 0}
    - target: {fileID: 1709402278157939230, guid: 23bc2634eda33ca4c9d743915a81bfd5,
        type: 3}
      propertyPath: m_LocalPosition.y
      value: 0
      objectReference: {fileID: 0}
    - target: {fileID: 1709402278157939230, guid: 23bc2634eda33ca4c9d743915a81bfd5,
        type: 3}
      propertyPath: m_LocalPosition.z
      value: 0
      objectReference: {fileID: 0}
    - target: {fileID: 1709402278157939230, guid: 23bc2634eda33ca4c9d743915a81bfd5,
        type: 3}
      propertyPath: m_LocalRotation.x
      value: 0
      objectReference: {fileID: 0}
    - target: {fileID: 1709402278157939230, guid: 23bc2634eda33ca4c9d743915a81bfd5,
        type: 3}
      propertyPath: m_LocalRotation.y
      value: 0
      objectReference: {fileID: 0}
    - target: {fileID: 1709402278157939230, guid: 23bc2634eda33ca4c9d743915a81bfd5,
        type: 3}
      propertyPath: m_LocalRotation.z
      value: 0
      objectReference: {fileID: 0}
    - target: {fileID: 1709402278157939230, guid: 23bc2634eda33ca4c9d743915a81bfd5,
        type: 3}
      propertyPath: m_LocalRotation.w
      value: 1
      objectReference: {fileID: 0}
    - target: {fileID: 1709402278157939230, guid: 23bc2634eda33ca4c9d743915a81bfd5,
        type: 3}
      propertyPath: m_RootOrder
      value: 4
      objectReference: {fileID: 0}
    - target: {fileID: 1709402278157939230, guid: 23bc2634eda33ca4c9d743915a81bfd5,
        type: 3}
      propertyPath: m_LocalEulerAnglesHint.x
      value: 0
      objectReference: {fileID: 0}
    - target: {fileID: 1709402278157939230, guid: 23bc2634eda33ca4c9d743915a81bfd5,
        type: 3}
      propertyPath: m_LocalEulerAnglesHint.y
      value: 0
      objectReference: {fileID: 0}
    - target: {fileID: 1709402278157939230, guid: 23bc2634eda33ca4c9d743915a81bfd5,
        type: 3}
      propertyPath: m_LocalEulerAnglesHint.z
      value: 0
      objectReference: {fileID: 0}
    - target: {fileID: 1709402278157939230, guid: 23bc2634eda33ca4c9d743915a81bfd5,
        type: 3}
      propertyPath: m_LocalScale.x
      value: 1.0683
      objectReference: {fileID: 0}
    - target: {fileID: 1709402278157939230, guid: 23bc2634eda33ca4c9d743915a81bfd5,
        type: 3}
      propertyPath: m_LocalScale.y
      value: 1.0683
      objectReference: {fileID: 0}
    - target: {fileID: 1709402278157939230, guid: 23bc2634eda33ca4c9d743915a81bfd5,
        type: 3}
      propertyPath: m_LocalScale.z
      value: 1.0683
      objectReference: {fileID: 0}
    - target: {fileID: 2441616787764019213, guid: 23bc2634eda33ca4c9d743915a81bfd5,
        type: 3}
      propertyPath: m_Name
      value: Paper_Buildings
      objectReference: {fileID: 0}
    - target: {fileID: 7883712320989112221, guid: 23bc2634eda33ca4c9d743915a81bfd5,
        type: 3}
      propertyPath: m_Materials.Array.data[0]
      value: 
      objectReference: {fileID: 2100000, guid: 804a55eb3031baa4aa735634f39952f7, type: 2}
    - target: {fileID: 8723548426129990460, guid: 23bc2634eda33ca4c9d743915a81bfd5,
        type: 3}
      propertyPath: m_Materials.Array.data[0]
      value: 
      objectReference: {fileID: 2100000, guid: 2b18ba351357fb4409b15d458c4ad5c2, type: 2}
    - target: {fileID: 8723548426319773442, guid: 23bc2634eda33ca4c9d743915a81bfd5,
        type: 3}
      propertyPath: m_LocalPosition.y
      value: -81.1
      objectReference: {fileID: 0}
    - target: {fileID: 8723548426319773442, guid: 23bc2634eda33ca4c9d743915a81bfd5,
        type: 3}
      propertyPath: m_LocalPosition.x
      value: 64
      objectReference: {fileID: 0}
    - target: {fileID: 8723548426319773442, guid: 23bc2634eda33ca4c9d743915a81bfd5,
        type: 3}
      propertyPath: m_LocalPosition.z
      value: 22.6
      objectReference: {fileID: 0}
    - target: {fileID: 8723548426319773453, guid: 23bc2634eda33ca4c9d743915a81bfd5,
        type: 3}
      propertyPath: m_Materials.Array.data[0]
      value: 
      objectReference: {fileID: 2100000, guid: b2ab3c56ef2254743b2402e55519372d, type: 2}
    - target: {fileID: 8723548426348749660, guid: 23bc2634eda33ca4c9d743915a81bfd5,
        type: 3}
      propertyPath: m_LocalScale.x
      value: 1.2287921
      objectReference: {fileID: 0}
    - target: {fileID: 8723548426348749660, guid: 23bc2634eda33ca4c9d743915a81bfd5,
        type: 3}
      propertyPath: m_LocalScale.y
      value: 2.075987
      objectReference: {fileID: 0}
    - target: {fileID: 8723548426348749660, guid: 23bc2634eda33ca4c9d743915a81bfd5,
        type: 3}
      propertyPath: m_LocalScale.z
      value: 1.2287921
      objectReference: {fileID: 0}
    - target: {fileID: 8723548426348749660, guid: 23bc2634eda33ca4c9d743915a81bfd5,
        type: 3}
      propertyPath: m_LocalPosition.y
      value: -123.4
      objectReference: {fileID: 0}
    - target: {fileID: 8723548426371077017, guid: 23bc2634eda33ca4c9d743915a81bfd5,
        type: 3}
      propertyPath: m_LocalPosition.z
      value: 88.1
      objectReference: {fileID: 0}
    - target: {fileID: 8723548426371077017, guid: 23bc2634eda33ca4c9d743915a81bfd5,
        type: 3}
      propertyPath: m_LocalPosition.x
      value: -6.5
      objectReference: {fileID: 0}
    - target: {fileID: 8723548426371077017, guid: 23bc2634eda33ca4c9d743915a81bfd5,
        type: 3}
      propertyPath: m_LocalRotation.x
      value: 0.00000002326536
      objectReference: {fileID: 0}
    - target: {fileID: 8723548426371077017, guid: 23bc2634eda33ca4c9d743915a81bfd5,
        type: 3}
      propertyPath: m_LocalRotation.y
      value: -0.9998179
      objectReference: {fileID: 0}
    - target: {fileID: 8723548426371077017, guid: 23bc2634eda33ca4c9d743915a81bfd5,
        type: 3}
      propertyPath: m_LocalRotation.z
      value: 0.000000015638468
      objectReference: {fileID: 0}
    - target: {fileID: 8723548426371077017, guid: 23bc2634eda33ca4c9d743915a81bfd5,
        type: 3}
      propertyPath: m_LocalRotation.w
      value: -0.01908082
      objectReference: {fileID: 0}
    - target: {fileID: 8723548426371077017, guid: 23bc2634eda33ca4c9d743915a81bfd5,
        type: 3}
      propertyPath: m_LocalEulerAnglesHint.y
      value: -182.187
      objectReference: {fileID: 0}
    - target: {fileID: 8723548426371077017, guid: 23bc2634eda33ca4c9d743915a81bfd5,
        type: 3}
      propertyPath: m_LocalPosition.y
      value: -94.2
      objectReference: {fileID: 0}
    - target: {fileID: 8723548426381868685, guid: 23bc2634eda33ca4c9d743915a81bfd5,
        type: 3}
      propertyPath: m_LocalPosition.x
      value: 45.2
      objectReference: {fileID: 0}
    - target: {fileID: 8723548426381868685, guid: 23bc2634eda33ca4c9d743915a81bfd5,
        type: 3}
      propertyPath: m_LocalPosition.z
      value: 76
      objectReference: {fileID: 0}
    - target: {fileID: 8723548426400678176, guid: 23bc2634eda33ca4c9d743915a81bfd5,
        type: 3}
      propertyPath: m_LocalScale.x
      value: 0.931177
      objectReference: {fileID: 0}
    - target: {fileID: 8723548426400678176, guid: 23bc2634eda33ca4c9d743915a81bfd5,
        type: 3}
      propertyPath: m_LocalScale.y
      value: 1.55609
      objectReference: {fileID: 0}
    - target: {fileID: 8723548426400678176, guid: 23bc2634eda33ca4c9d743915a81bfd5,
        type: 3}
      propertyPath: m_LocalScale.z
      value: 0.931177
      objectReference: {fileID: 0}
    - target: {fileID: 8723548426400678176, guid: 23bc2634eda33ca4c9d743915a81bfd5,
        type: 3}
      propertyPath: m_LocalPosition.x
      value: 20.4
      objectReference: {fileID: 0}
    - target: {fileID: 8723548426400678176, guid: 23bc2634eda33ca4c9d743915a81bfd5,
        type: 3}
      propertyPath: m_LocalPosition.z
      value: 85.2
      objectReference: {fileID: 0}
    - target: {fileID: 8723548426457037247, guid: 23bc2634eda33ca4c9d743915a81bfd5,
        type: 3}
      propertyPath: m_Materials.Array.data[0]
      value: 
      objectReference: {fileID: 2100000, guid: 804a55eb3031baa4aa735634f39952f7, type: 2}
    - target: {fileID: 8723548426470609684, guid: 23bc2634eda33ca4c9d743915a81bfd5,
        type: 3}
      propertyPath: m_Materials.Array.data[0]
      value: 
      objectReference: {fileID: 2100000, guid: b2ab3c56ef2254743b2402e55519372d, type: 2}
    - target: {fileID: 8723548426519791076, guid: 23bc2634eda33ca4c9d743915a81bfd5,
        type: 3}
      propertyPath: m_Materials.Array.data[0]
      value: 
      objectReference: {fileID: 2100000, guid: b2ab3c56ef2254743b2402e55519372d, type: 2}
    - target: {fileID: 8723548426665129936, guid: 23bc2634eda33ca4c9d743915a81bfd5,
        type: 3}
      propertyPath: m_LocalScale.x
      value: 0.78180206
      objectReference: {fileID: 0}
    - target: {fileID: 8723548426665129936, guid: 23bc2634eda33ca4c9d743915a81bfd5,
        type: 3}
      propertyPath: m_LocalScale.y
      value: 1.3064694
      objectReference: {fileID: 0}
    - target: {fileID: 8723548426665129936, guid: 23bc2634eda33ca4c9d743915a81bfd5,
        type: 3}
      propertyPath: m_LocalScale.z
      value: 0.78180206
      objectReference: {fileID: 0}
    - target: {fileID: 8723548426665129936, guid: 23bc2634eda33ca4c9d743915a81bfd5,
        type: 3}
      propertyPath: m_LocalPosition.x
      value: 46.8
      objectReference: {fileID: 0}
    - target: {fileID: 8723548426665129936, guid: 23bc2634eda33ca4c9d743915a81bfd5,
        type: 3}
      propertyPath: m_LocalPosition.z
      value: 71.6
      objectReference: {fileID: 0}
    - target: {fileID: 8723548426665129936, guid: 23bc2634eda33ca4c9d743915a81bfd5,
        type: 3}
      propertyPath: m_LocalPosition.y
      value: -115.8
      objectReference: {fileID: 0}
    - target: {fileID: 8723548426665129939, guid: 23bc2634eda33ca4c9d743915a81bfd5,
        type: 3}
      propertyPath: m_Materials.Array.data[0]
      value: 
      objectReference: {fileID: 2100000, guid: 2b18ba351357fb4409b15d458c4ad5c2, type: 2}
    - target: {fileID: 8723548426681134124, guid: 23bc2634eda33ca4c9d743915a81bfd5,
        type: 3}
      propertyPath: m_Materials.Array.data[0]
      value: 
      objectReference: {fileID: 2100000, guid: 2b18ba351357fb4409b15d458c4ad5c2, type: 2}
    - target: {fileID: 8723548426749613973, guid: 23bc2634eda33ca4c9d743915a81bfd5,
        type: 3}
      propertyPath: m_Materials.Array.data[0]
      value: 
      objectReference: {fileID: 2100000, guid: b2ab3c56ef2254743b2402e55519372d, type: 2}
    - target: {fileID: 8723548426861745889, guid: 23bc2634eda33ca4c9d743915a81bfd5,
        type: 3}
      propertyPath: m_Materials.Array.data[0]
      value: 
      objectReference: {fileID: 2100000, guid: 804a55eb3031baa4aa735634f39952f7, type: 2}
    - target: {fileID: 8723548426905694035, guid: 23bc2634eda33ca4c9d743915a81bfd5,
        type: 3}
      propertyPath: m_LocalScale.x
      value: 0.90862083
      objectReference: {fileID: 0}
    - target: {fileID: 8723548426905694035, guid: 23bc2634eda33ca4c9d743915a81bfd5,
        type: 3}
      propertyPath: m_LocalScale.y
      value: 1.5183963
      objectReference: {fileID: 0}
    - target: {fileID: 8723548426905694035, guid: 23bc2634eda33ca4c9d743915a81bfd5,
        type: 3}
      propertyPath: m_LocalScale.z
      value: 0.90862083
      objectReference: {fileID: 0}
    - target: {fileID: 8723548426905694035, guid: 23bc2634eda33ca4c9d743915a81bfd5,
        type: 3}
      propertyPath: m_LocalPosition.x
      value: 64.8
      objectReference: {fileID: 0}
    - target: {fileID: 8723548426905694035, guid: 23bc2634eda33ca4c9d743915a81bfd5,
        type: 3}
      propertyPath: m_LocalPosition.z
      value: -5.8
      objectReference: {fileID: 0}
    - target: {fileID: 8723548426905694035, guid: 23bc2634eda33ca4c9d743915a81bfd5,
        type: 3}
      propertyPath: m_LocalPosition.y
      value: -114.6
      objectReference: {fileID: 0}
    - target: {fileID: 8723548426945100201, guid: 23bc2634eda33ca4c9d743915a81bfd5,
        type: 3}
      propertyPath: m_Materials.Array.data[0]
      value: 
      objectReference: {fileID: 2100000, guid: b2ab3c56ef2254743b2402e55519372d, type: 2}
    - target: {fileID: 8723548427008843122, guid: 23bc2634eda33ca4c9d743915a81bfd5,
        type: 3}
      propertyPath: m_LocalScale.x
      value: 1.062871
      objectReference: {fileID: 0}
    - target: {fileID: 8723548427008843122, guid: 23bc2634eda33ca4c9d743915a81bfd5,
        type: 3}
      propertyPath: m_LocalScale.y
      value: 1.7761638
      objectReference: {fileID: 0}
    - target: {fileID: 8723548427008843122, guid: 23bc2634eda33ca4c9d743915a81bfd5,
        type: 3}
      propertyPath: m_LocalScale.z
      value: 1.062871
      objectReference: {fileID: 0}
    - target: {fileID: 8723548427281472366, guid: 23bc2634eda33ca4c9d743915a81bfd5,
        type: 3}
      propertyPath: m_Materials.Array.data[0]
      value: 
      objectReference: {fileID: 2100000, guid: 804a55eb3031baa4aa735634f39952f7, type: 2}
    - target: {fileID: 8723548427302259404, guid: 23bc2634eda33ca4c9d743915a81bfd5,
        type: 3}
      propertyPath: m_LocalScale.x
      value: 0.7616449
      objectReference: {fileID: 0}
    - target: {fileID: 8723548427302259404, guid: 23bc2634eda33ca4c9d743915a81bfd5,
        type: 3}
      propertyPath: m_LocalScale.y
      value: 1.2727848
      objectReference: {fileID: 0}
    - target: {fileID: 8723548427302259404, guid: 23bc2634eda33ca4c9d743915a81bfd5,
        type: 3}
      propertyPath: m_LocalScale.z
      value: 0.7616449
      objectReference: {fileID: 0}
    - target: {fileID: 8723548427302259404, guid: 23bc2634eda33ca4c9d743915a81bfd5,
        type: 3}
      propertyPath: m_LocalRotation.x
      value: 0.000000019653312
      objectReference: {fileID: 0}
    - target: {fileID: 8723548427302259404, guid: 23bc2634eda33ca4c9d743915a81bfd5,
        type: 3}
      propertyPath: m_LocalRotation.y
      value: -0.5621169
      objectReference: {fileID: 0}
    - target: {fileID: 8723548427302259404, guid: 23bc2634eda33ca4c9d743915a81bfd5,
        type: 3}
      propertyPath: m_LocalRotation.z
      value: -0.000000005552593
      objectReference: {fileID: 0}
    - target: {fileID: 8723548427302259404, guid: 23bc2634eda33ca4c9d743915a81bfd5,
        type: 3}
      propertyPath: m_LocalRotation.w
      value: -0.8270577
      objectReference: {fileID: 0}
    - target: {fileID: 8723548427302259404, guid: 23bc2634eda33ca4c9d743915a81bfd5,
        type: 3}
      propertyPath: m_LocalEulerAnglesHint.y
      value: -291.595
      objectReference: {fileID: 0}
    - target: {fileID: 8723548427302259404, guid: 23bc2634eda33ca4c9d743915a81bfd5,
        type: 3}
      propertyPath: m_LocalPosition.x
      value: -33.3
      objectReference: {fileID: 0}
    - target: {fileID: 8723548427302259404, guid: 23bc2634eda33ca4c9d743915a81bfd5,
        type: 3}
      propertyPath: m_LocalPosition.z
      value: 80.6
      objectReference: {fileID: 0}
    - target: {fileID: 8723548427302259404, guid: 23bc2634eda33ca4c9d743915a81bfd5,
        type: 3}
      propertyPath: m_LocalPosition.y
      value: -139.6
      objectReference: {fileID: 0}
    - target: {fileID: 8723548427345249105, guid: 23bc2634eda33ca4c9d743915a81bfd5,
        type: 3}
      propertyPath: m_Materials.Array.data[0]
      value: 
      objectReference: {fileID: 2100000, guid: b2ab3c56ef2254743b2402e55519372d, type: 2}
    - target: {fileID: 8723548427345249110, guid: 23bc2634eda33ca4c9d743915a81bfd5,
        type: 3}
      propertyPath: m_LocalPosition.x
      value: 58.1
      objectReference: {fileID: 0}
    - target: {fileID: 8723548427345249110, guid: 23bc2634eda33ca4c9d743915a81bfd5,
        type: 3}
      propertyPath: m_LocalPosition.z
      value: 60.1
      objectReference: {fileID: 0}
    - target: {fileID: 8723548427463758603, guid: 23bc2634eda33ca4c9d743915a81bfd5,
        type: 3}
      propertyPath: m_LocalPosition.x
      value: 48.2
      objectReference: {fileID: 0}
    - target: {fileID: 8723548427463758603, guid: 23bc2634eda33ca4c9d743915a81bfd5,
        type: 3}
      propertyPath: m_LocalPosition.z
      value: 38
      objectReference: {fileID: 0}
    - target: {fileID: 8723548427531687108, guid: 23bc2634eda33ca4c9d743915a81bfd5,
        type: 3}
      propertyPath: m_LocalScale.x
      value: 0.9868543
      objectReference: {fileID: 0}
    - target: {fileID: 8723548427531687108, guid: 23bc2634eda33ca4c9d743915a81bfd5,
        type: 3}
      propertyPath: m_LocalScale.y
      value: 1.6672446
      objectReference: {fileID: 0}
    - target: {fileID: 8723548427531687108, guid: 23bc2634eda33ca4c9d743915a81bfd5,
        type: 3}
      propertyPath: m_LocalScale.z
      value: 0.9868543
      objectReference: {fileID: 0}
    - target: {fileID: 8723548427531687108, guid: 23bc2634eda33ca4c9d743915a81bfd5,
        type: 3}
      propertyPath: m_LocalPosition.x
      value: 78.6
      objectReference: {fileID: 0}
    - target: {fileID: 8723548427531687108, guid: 23bc2634eda33ca4c9d743915a81bfd5,
        type: 3}
      propertyPath: m_LocalPosition.z
      value: -34.7
      objectReference: {fileID: 0}
    - target: {fileID: 8723548427531898573, guid: 23bc2634eda33ca4c9d743915a81bfd5,
        type: 3}
      propertyPath: m_LocalPosition.x
      value: 25.3
      objectReference: {fileID: 0}
    - target: {fileID: 8723548427531898573, guid: 23bc2634eda33ca4c9d743915a81bfd5,
        type: 3}
      propertyPath: m_LocalPosition.z
      value: 103.5
      objectReference: {fileID: 0}
    - target: {fileID: 8723548427531898573, guid: 23bc2634eda33ca4c9d743915a81bfd5,
        type: 3}
      propertyPath: m_LocalPosition.y
      value: -0
      objectReference: {fileID: 0}
    - target: {fileID: 8723548427764892225, guid: 23bc2634eda33ca4c9d743915a81bfd5,
        type: 3}
      propertyPath: m_Materials.Array.data[0]
      value: 
      objectReference: {fileID: 2100000, guid: 2b18ba351357fb4409b15d458c4ad5c2, type: 2}
    - target: {fileID: 8723548427764892230, guid: 23bc2634eda33ca4c9d743915a81bfd5,
        type: 3}
      propertyPath: m_LocalScale.x
      value: 1.0982475
      objectReference: {fileID: 0}
    - target: {fileID: 8723548427764892230, guid: 23bc2634eda33ca4c9d743915a81bfd5,
        type: 3}
      propertyPath: m_LocalScale.y
      value: 1.8554382
      objectReference: {fileID: 0}
    - target: {fileID: 8723548427764892230, guid: 23bc2634eda33ca4c9d743915a81bfd5,
        type: 3}
      propertyPath: m_LocalScale.z
      value: 1.0982475
      objectReference: {fileID: 0}
    - target: {fileID: 8723548427764892230, guid: 23bc2634eda33ca4c9d743915a81bfd5,
        type: 3}
      propertyPath: m_LocalPosition.z
      value: -48.3
      objectReference: {fileID: 0}
    - target: {fileID: 8723548427764892230, guid: 23bc2634eda33ca4c9d743915a81bfd5,
        type: 3}
      propertyPath: m_LocalPosition.x
      value: 37.8
      objectReference: {fileID: 0}
    - target: {fileID: 8723548427764892230, guid: 23bc2634eda33ca4c9d743915a81bfd5,
        type: 3}
      propertyPath: m_LocalPosition.y
      value: -192.6
      objectReference: {fileID: 0}
    - target: {fileID: 8723548427788528869, guid: 23bc2634eda33ca4c9d743915a81bfd5,
        type: 3}
      propertyPath: m_Materials.Array.data[0]
      value: 
      objectReference: {fileID: 2100000, guid: b2ab3c56ef2254743b2402e55519372d, type: 2}
    - target: {fileID: 8723548427788528890, guid: 23bc2634eda33ca4c9d743915a81bfd5,
        type: 3}
      propertyPath: m_LocalPosition.x
      value: -56.4
      objectReference: {fileID: 0}
    - target: {fileID: 8723548427788528890, guid: 23bc2634eda33ca4c9d743915a81bfd5,
        type: 3}
      propertyPath: m_LocalPosition.z
      value: 71.5
      objectReference: {fileID: 0}
    - target: {fileID: 8723548427788528890, guid: 23bc2634eda33ca4c9d743915a81bfd5,
        type: 3}
      propertyPath: m_LocalPosition.y
      value: -58.7
      objectReference: {fileID: 0}
    - target: {fileID: 8723548427801656326, guid: 23bc2634eda33ca4c9d743915a81bfd5,
        type: 3}
      propertyPath: m_LocalPosition.x
      value: 80.3
      objectReference: {fileID: 0}
    - target: {fileID: 8723548427801656326, guid: 23bc2634eda33ca4c9d743915a81bfd5,
        type: 3}
      propertyPath: m_LocalPosition.z
      value: 42
      objectReference: {fileID: 0}
    - target: {fileID: 8723548427806841046, guid: 23bc2634eda33ca4c9d743915a81bfd5,
        type: 3}
      propertyPath: m_Materials.Array.data[0]
      value: 
      objectReference: {fileID: 2100000, guid: b2ab3c56ef2254743b2402e55519372d, type: 2}
    - target: {fileID: 8723548427818391694, guid: 23bc2634eda33ca4c9d743915a81bfd5,
        type: 3}
      propertyPath: m_LocalPosition.x
      value: -36.2
      objectReference: {fileID: 0}
    - target: {fileID: 8723548427818391694, guid: 23bc2634eda33ca4c9d743915a81bfd5,
        type: 3}
      propertyPath: m_LocalPosition.z
      value: 82.4
      objectReference: {fileID: 0}
    - target: {fileID: 8723548427818391694, guid: 23bc2634eda33ca4c9d743915a81bfd5,
        type: 3}
      propertyPath: m_LocalPosition.y
      value: -70.1
      objectReference: {fileID: 0}
    - target: {fileID: 8723548427830804470, guid: 23bc2634eda33ca4c9d743915a81bfd5,
        type: 3}
      propertyPath: m_Materials.Array.data[0]
      value: 
      objectReference: {fileID: 2100000, guid: b2ab3c56ef2254743b2402e55519372d, type: 2}
    - target: {fileID: 8723548427830804471, guid: 23bc2634eda33ca4c9d743915a81bfd5,
        type: 3}
      propertyPath: m_LocalPosition.x
      value: 22.1
      objectReference: {fileID: 0}
    - target: {fileID: 8723548427830804471, guid: 23bc2634eda33ca4c9d743915a81bfd5,
        type: 3}
      propertyPath: m_LocalPosition.z
      value: 59
      objectReference: {fileID: 0}
    - target: {fileID: 8723548427830804471, guid: 23bc2634eda33ca4c9d743915a81bfd5,
        type: 3}
      propertyPath: m_LocalPosition.y
      value: -121.6
      objectReference: {fileID: 0}
    - target: {fileID: 8723548427830804471, guid: 23bc2634eda33ca4c9d743915a81bfd5,
        type: 3}
      propertyPath: m_LocalScale.x
      value: 0.9698622
      objectReference: {fileID: 0}
    - target: {fileID: 8723548427830804471, guid: 23bc2634eda33ca4c9d743915a81bfd5,
        type: 3}
      propertyPath: m_LocalScale.y
      value: 1.6385373
      objectReference: {fileID: 0}
    - target: {fileID: 8723548427830804471, guid: 23bc2634eda33ca4c9d743915a81bfd5,
        type: 3}
      propertyPath: m_LocalScale.z
      value: 0.9698622
      objectReference: {fileID: 0}
    - target: {fileID: 8723548427835546376, guid: 23bc2634eda33ca4c9d743915a81bfd5,
        type: 3}
      propertyPath: m_Materials.Array.data[0]
      value: 
      objectReference: {fileID: 2100000, guid: b2ab3c56ef2254743b2402e55519372d, type: 2}
    - target: {fileID: 8723548427906584363, guid: 23bc2634eda33ca4c9d743915a81bfd5,
        type: 3}
      propertyPath: m_Materials.Array.data[0]
      value: 
      objectReference: {fileID: 2100000, guid: b2ab3c56ef2254743b2402e55519372d, type: 2}
    - target: {fileID: 8723548427933028533, guid: 23bc2634eda33ca4c9d743915a81bfd5,
        type: 3}
      propertyPath: m_LocalPosition.x
      value: 52.4
      objectReference: {fileID: 0}
    - target: {fileID: 8723548427933028533, guid: 23bc2634eda33ca4c9d743915a81bfd5,
        type: 3}
      propertyPath: m_LocalPosition.z
      value: 93.3
      objectReference: {fileID: 0}
    - target: {fileID: 8723548427937586948, guid: 23bc2634eda33ca4c9d743915a81bfd5,
        type: 3}
      propertyPath: m_Materials.Array.data[0]
      value: 
      objectReference: {fileID: 2100000, guid: b2ab3c56ef2254743b2402e55519372d, type: 2}
    - target: {fileID: 8723548428067708426, guid: 23bc2634eda33ca4c9d743915a81bfd5,
        type: 3}
      propertyPath: m_LocalScale.x
      value: 1.1322411
      objectReference: {fileID: 0}
    - target: {fileID: 8723548428067708426, guid: 23bc2634eda33ca4c9d743915a81bfd5,
        type: 3}
      propertyPath: m_LocalScale.y
      value: 1.9128687
      objectReference: {fileID: 0}
    - target: {fileID: 8723548428067708426, guid: 23bc2634eda33ca4c9d743915a81bfd5,
        type: 3}
      propertyPath: m_LocalScale.z
      value: 1.1322411
      objectReference: {fileID: 0}
    - target: {fileID: 8723548428067708426, guid: 23bc2634eda33ca4c9d743915a81bfd5,
        type: 3}
      propertyPath: m_LocalPosition.y
      value: -150.6
      objectReference: {fileID: 0}
    - target: {fileID: 8723548428067708426, guid: 23bc2634eda33ca4c9d743915a81bfd5,
        type: 3}
      propertyPath: m_LocalPosition.x
      value: 39.4
      objectReference: {fileID: 0}
    - target: {fileID: 8723548428067708426, guid: 23bc2634eda33ca4c9d743915a81bfd5,
        type: 3}
      propertyPath: m_LocalPosition.z
      value: 15.9
      objectReference: {fileID: 0}
    - target: {fileID: 8723548428136265484, guid: 23bc2634eda33ca4c9d743915a81bfd5,
        type: 3}
      propertyPath: m_LocalScale.x
      value: 0.89153975
      objectReference: {fileID: 0}
    - target: {fileID: 8723548428136265484, guid: 23bc2634eda33ca4c9d743915a81bfd5,
        type: 3}
      propertyPath: m_LocalScale.y
      value: 1.4898521
      objectReference: {fileID: 0}
    - target: {fileID: 8723548428136265484, guid: 23bc2634eda33ca4c9d743915a81bfd5,
        type: 3}
      propertyPath: m_LocalScale.z
      value: 0.89153975
      objectReference: {fileID: 0}
    - target: {fileID: 8723548428136265484, guid: 23bc2634eda33ca4c9d743915a81bfd5,
        type: 3}
      propertyPath: m_LocalPosition.x
      value: -69.3
      objectReference: {fileID: 0}
    - target: {fileID: 8723548428136265484, guid: 23bc2634eda33ca4c9d743915a81bfd5,
        type: 3}
      propertyPath: m_LocalPosition.z
      value: 57.4
      objectReference: {fileID: 0}
    - target: {fileID: 8723548428136265487, guid: 23bc2634eda33ca4c9d743915a81bfd5,
        type: 3}
      propertyPath: m_Materials.Array.data[0]
      value: 
      objectReference: {fileID: 2100000, guid: b2ab3c56ef2254743b2402e55519372d, type: 2}
    - target: {fileID: 8723548428238844739, guid: 23bc2634eda33ca4c9d743915a81bfd5,
        type: 3}
      propertyPath: m_Materials.Array.data[0]
      value: 
      objectReference: {fileID: 2100000, guid: 2b18ba351357fb4409b15d458c4ad5c2, type: 2}
    - target: {fileID: 8723548428248468036, guid: 23bc2634eda33ca4c9d743915a81bfd5,
        type: 3}
      propertyPath: m_Materials.Array.data[0]
      value: 
      objectReference: {fileID: 2100000, guid: 804a55eb3031baa4aa735634f39952f7, type: 2}
    m_RemovedComponents: []
  m_SourcePrefab: {fileID: 100100000, guid: 23bc2634eda33ca4c9d743915a81bfd5, type: 3}
