%YAML 1.1
%TAG !u! tag:unity3d.com,2011:
--- !u!1 &7465357401359793558
GameObject:
  m_ObjectHideFlags: 0
  m_CorrespondingSourceObject: {fileID: 0}
  m_PrefabInstance: {fileID: 0}
  m_PrefabAsset: {fileID: 0}
  serializedVersion: 6
  m_Component:
  - component: {fileID: 7465357401359793559}
  m_Layer: 0
  m_Name: Island_Plants_Small
  m_TagString: Untagged
  m_Icon: {fileID: 0}
  m_NavMeshLayer: 0
  m_StaticEditorFlags: 0
  m_IsActive: 1
--- !u!4 &7465357401359793559
Transform:
  m_ObjectHideFlags: 0
  m_CorrespondingSourceObject: {fileID: 0}
  m_PrefabInstance: {fileID: 0}
  m_PrefabAsset: {fileID: 0}
  m_GameObject: {fileID: 7465357401359793558}
  m_LocalRotation: {x: 0, y: 0, z: 0, w: 1}
  m_LocalPosition: {x: 15.8, y: 2.615796, z: 15.9}
  m_LocalScale: {x: 1, y: 1, z: 1}
  m_Children:
  - {fileID: 7369738573302179867}
  - {fileID: 2122904509256451133}
  - {fileID: 2122904509950542336}
  m_Father: {fileID: 0}
  m_RootOrder: 0
  m_LocalEulerAnglesHint: {x: 0, y: 0, z: 0}
--- !u!1001 &7465357399822910743
PrefabInstance:
  m_ObjectHideFlags: 0
  serializedVersion: 2
  m_Modification:
    m_TransformParent: {fileID: 7465357401359793559}
    m_Modifications:
    - target: {fileID: 5527901082637824825, guid: f16cca59be218b84abe4ce8767c2ec79,
        type: 3}
      propertyPath: m_Name
      value: Mesh_Nature_Plant_A Variant (2)
      objectReference: {fileID: 0}
    - target: {fileID: 8857548471482777898, guid: f16cca59be218b84abe4ce8767c2ec79,
        type: 3}
      propertyPath: m_LocalPosition.x
      value: 0.16
      objectReference: {fileID: 0}
    - target: {fileID: 8857548471482777898, guid: f16cca59be218b84abe4ce8767c2ec79,
        type: 3}
      propertyPath: m_LocalPosition.y
      value: -0.19
      objectReference: {fileID: 0}
    - target: {fileID: 8857548471482777898, guid: f16cca59be218b84abe4ce8767c2ec79,
        type: 3}
      propertyPath: m_LocalPosition.z
      value: -0.25
      objectReference: {fileID: 0}
    - target: {fileID: 8857548471482777898, guid: f16cca59be218b84abe4ce8767c2ec79,
        type: 3}
      propertyPath: m_LocalRotation.x
      value: -0.550913
      objectReference: {fileID: 0}
    - target: {fileID: 8857548471482777898, guid: f16cca59be218b84abe4ce8767c2ec79,
        type: 3}
      propertyPath: m_LocalRotation.y
      value: 0.35124624
      objectReference: {fileID: 0}
    - target: {fileID: 8857548471482777898, guid: f16cca59be218b84abe4ce8767c2ec79,
        type: 3}
      propertyPath: m_LocalRotation.z
      value: 0.6408444
      objectReference: {fileID: 0}
    - target: {fileID: 8857548471482777898, guid: f16cca59be218b84abe4ce8767c2ec79,
        type: 3}
      propertyPath: m_LocalRotation.w
      value: 0.4030378
      objectReference: {fileID: 0}
    - target: {fileID: 8857548471482777898, guid: f16cca59be218b84abe4ce8767c2ec79,
        type: 3}
      propertyPath: m_RootOrder
      value: 1
      objectReference: {fileID: 0}
    - target: {fileID: 8857548471482777898, guid: f16cca59be218b84abe4ce8767c2ec79,
        type: 3}
      propertyPath: m_LocalEulerAnglesHint.x
      value: -116.586
      objectReference: {fileID: 0}
    - target: {fileID: 8857548471482777898, guid: f16cca59be218b84abe4ce8767c2ec79,
        type: 3}
      propertyPath: m_LocalEulerAnglesHint.y
      value: 109.073
      objectReference: {fileID: 0}
    - target: {fileID: 8857548471482777898, guid: f16cca59be218b84abe4ce8767c2ec79,
        type: 3}
      propertyPath: m_LocalEulerAnglesHint.z
      value: -16.826996
      objectReference: {fileID: 0}
    - target: {fileID: 8857548471482777898, guid: f16cca59be218b84abe4ce8767c2ec79,
        type: 3}
      propertyPath: m_LocalScale.x
      value: 0.4
      objectReference: {fileID: 0}
    - target: {fileID: 8857548471482777898, guid: f16cca59be218b84abe4ce8767c2ec79,
        type: 3}
      propertyPath: m_LocalScale.y
      value: 0.4
      objectReference: {fileID: 0}
    - target: {fileID: 8857548471482777898, guid: f16cca59be218b84abe4ce8767c2ec79,
        type: 3}
      propertyPath: m_LocalScale.z
      value: 0.4
      objectReference: {fileID: 0}
    m_RemovedComponents: []
  m_SourcePrefab: {fileID: 100100000, guid: f16cca59be218b84abe4ce8767c2ec79, type: 3}
--- !u!4 &2122904509256451133 stripped
Transform:
  m_CorrespondingSourceObject: {fileID: 8857548471482777898, guid: f16cca59be218b84abe4ce8767c2ec79,
    type: 3}
  m_PrefabInstance: {fileID: 7465357399822910743}
  m_PrefabAsset: {fileID: 0}
--- !u!1001 &7465357400734974762
PrefabInstance:
  m_ObjectHideFlags: 0
  serializedVersion: 2
  m_Modification:
    m_TransformParent: {fileID: 7465357401359793559}
    m_Modifications:
    - target: {fileID: 5527901082637824825, guid: f16cca59be218b84abe4ce8767c2ec79,
        type: 3}
      propertyPath: m_Name
      value: Mesh_Nature_Plant_A Variant (3)
      objectReference: {fileID: 0}
    - target: {fileID: 8857548471482777898, guid: f16cca59be218b84abe4ce8767c2ec79,
        type: 3}
      propertyPath: m_LocalPosition.x
      value: -0.05
      objectReference: {fileID: 0}
    - target: {fileID: 8857548471482777898, guid: f16cca59be218b84abe4ce8767c2ec79,
        type: 3}
      propertyPath: m_LocalPosition.y
      value: -0.12
      objectReference: {fileID: 0}
    - target: {fileID: 8857548471482777898, guid: f16cca59be218b84abe4ce8767c2ec79,
        type: 3}
      propertyPath: m_LocalPosition.z
      value: 0.42
      objectReference: {fileID: 0}
    - target: {fileID: 8857548471482777898, guid: f16cca59be218b84abe4ce8767c2ec79,
        type: 3}
      propertyPath: m_LocalRotation.x
      value: -0.25819817
      objectReference: {fileID: 0}
    - target: {fileID: 8857548471482777898, guid: f16cca59be218b84abe4ce8767c2ec79,
        type: 3}
      propertyPath: m_LocalRotation.y
      value: 0.5558949
      objectReference: {fileID: 0}
    - target: {fileID: 8857548471482777898, guid: f16cca59be218b84abe4ce8767c2ec79,
        type: 3}
      propertyPath: m_LocalRotation.z
      value: 0.7821666
      objectReference: {fileID: 0}
    - target: {fileID: 8857548471482777898, guid: f16cca59be218b84abe4ce8767c2ec79,
        type: 3}
      propertyPath: m_LocalRotation.w
      value: 0.11193731
      objectReference: {fileID: 0}
    - target: {fileID: 8857548471482777898, guid: f16cca59be218b84abe4ce8767c2ec79,
        type: 3}
      propertyPath: m_RootOrder
      value: 2
      objectReference: {fileID: 0}
    - target: {fileID: 8857548471482777898, guid: f16cca59be218b84abe4ce8767c2ec79,
        type: 3}
      propertyPath: m_LocalEulerAnglesHint.x
      value: -111.965996
      objectReference: {fileID: 0}
    - target: {fileID: 8857548471482777898, guid: f16cca59be218b84abe4ce8767c2ec79,
        type: 3}
      propertyPath: m_LocalEulerAnglesHint.y
      value: 131.659
      objectReference: {fileID: 0}
    - target: {fileID: 8857548471482777898, guid: f16cca59be218b84abe4ce8767c2ec79,
        type: 3}
      propertyPath: m_LocalEulerAnglesHint.z
      value: 17.415985
      objectReference: {fileID: 0}
    - target: {fileID: 8857548471482777898, guid: f16cca59be218b84abe4ce8767c2ec79,
        type: 3}
      propertyPath: m_LocalScale.x
      value: 0.6
      objectReference: {fileID: 0}
    - target: {fileID: 8857548471482777898, guid: f16cca59be218b84abe4ce8767c2ec79,
        type: 3}
      propertyPath: m_LocalScale.y
      value: 0.6
      objectReference: {fileID: 0}
    - target: {fileID: 8857548471482777898, guid: f16cca59be218b84abe4ce8767c2ec79,
        type: 3}
      propertyPath: m_LocalScale.z
      value: 0.6
      objectReference: {fileID: 0}
    m_RemovedComponents: []
  m_SourcePrefab: {fileID: 100100000, guid: f16cca59be218b84abe4ce8767c2ec79, type: 3}
--- !u!4 &2122904509950542336 stripped
Transform:
  m_CorrespondingSourceObject: {fileID: 8857548471482777898, guid: f16cca59be218b84abe4ce8767c2ec79,
    type: 3}
  m_PrefabInstance: {fileID: 7465357400734974762}
  m_PrefabAsset: {fileID: 0}
--- !u!1001 &7465357401816233535
PrefabInstance:
  m_ObjectHideFlags: 0
  serializedVersion: 2
  m_Modification:
    m_TransformParent: {fileID: 7465357401359793559}
    m_Modifications:
    - target: {fileID: 134216488595578404, guid: 08d2063b1ec64484ca8119e927677fbc,
        type: 3}
      propertyPath: m_LocalPosition.y
      value: 0
      objectReference: {fileID: 0}
    - target: {fileID: 134216488595578404, guid: 08d2063b1ec64484ca8119e927677fbc,
        type: 3}
      propertyPath: m_LocalScale.x
      value: 0.5
      objectReference: {fileID: 0}
    - target: {fileID: 134216488595578404, guid: 08d2063b1ec64484ca8119e927677fbc,
        type: 3}
      propertyPath: m_LocalScale.y
      value: 0.5
      objectReference: {fileID: 0}
    - target: {fileID: 134216488595578404, guid: 08d2063b1ec64484ca8119e927677fbc,
        type: 3}
      propertyPath: m_LocalScale.z
      value: 0.5
      objectReference: {fileID: 0}
    - target: {fileID: 134216488595578404, guid: 08d2063b1ec64484ca8119e927677fbc,
        type: 3}
      propertyPath: m_LocalPosition.x
      value: 0
      objectReference: {fileID: 0}
    - target: {fileID: 134216488595578404, guid: 08d2063b1ec64484ca8119e927677fbc,
        type: 3}
      propertyPath: m_LocalPosition.z
      value: 0
      objectReference: {fileID: 0}
    - target: {fileID: 6646206143971377350, guid: 08d2063b1ec64484ca8119e927677fbc,
        type: 3}
      propertyPath: m_LocalPosition.x
      value: 0.5134163
      objectReference: {fileID: 0}
    - target: {fileID: 6646206143971377350, guid: 08d2063b1ec64484ca8119e927677fbc,
        type: 3}
      propertyPath: m_LocalPosition.y
      value: -0.91579604
      objectReference: {fileID: 0}
    - target: {fileID: 6646206143971377350, guid: 08d2063b1ec64484ca8119e927677fbc,
        type: 3}
      propertyPath: m_LocalPosition.z
      value: -1.0867023
      objectReference: {fileID: 0}
    - target: {fileID: 6646206143971377350, guid: 08d2063b1ec64484ca8119e927677fbc,
        type: 3}
      propertyPath: m_LocalRotation.x
      value: -0.24004148
      objectReference: {fileID: 0}
    - target: {fileID: 6646206143971377350, guid: 08d2063b1ec64484ca8119e927677fbc,
        type: 3}
      propertyPath: m_LocalRotation.y
      value: -0.000000021551788
      objectReference: {fileID: 0}
    - target: {fileID: 6646206143971377350, guid: 08d2063b1ec64484ca8119e927677fbc,
        type: 3}
      propertyPath: m_LocalRotation.z
      value: -0.9707627
      objectReference: {fileID: 0}
    - target: {fileID: 6646206143971377350, guid: 08d2063b1ec64484ca8119e927677fbc,
        type: 3}
      propertyPath: m_LocalRotation.w
      value: -0.0000000069999615
      objectReference: {fileID: 0}
    - target: {fileID: 6646206143971377350, guid: 08d2063b1ec64484ca8119e927677fbc,
        type: 3}
      propertyPath: m_RootOrder
      value: 0
      objectReference: {fileID: 0}
    - target: {fileID: 6646206143971377350, guid: 08d2063b1ec64484ca8119e927677fbc,
        type: 3}
      propertyPath: m_LocalEulerAnglesHint.x
      value: -180
      objectReference: {fileID: 0}
    - target: {fileID: 6646206143971377350, guid: 08d2063b1ec64484ca8119e927677fbc,
        type: 3}
      propertyPath: m_LocalEulerAnglesHint.y
      value: 207.778
      objectReference: {fileID: 0}
    - target: {fileID: 6646206143971377350, guid: 08d2063b1ec64484ca8119e927677fbc,
        type: 3}
      propertyPath: m_LocalEulerAnglesHint.z
      value: 0
      objectReference: {fileID: 0}
    - target: {fileID: 6646206143971377350, guid: 08d2063b1ec64484ca8119e927677fbc,
        type: 3}
      propertyPath: m_LocalScale.x
      value: 0.5
      objectReference: {fileID: 0}
    - target: {fileID: 6646206143971377350, guid: 08d2063b1ec64484ca8119e927677fbc,
        type: 3}
      propertyPath: m_LocalScale.y
      value: 0.5
      objectReference: {fileID: 0}
    - target: {fileID: 6646206143971377350, guid: 08d2063b1ec64484ca8119e927677fbc,
        type: 3}
      propertyPath: m_LocalScale.z
      value: 0.5
      objectReference: {fileID: 0}
    - target: {fileID: 7667176737099756245, guid: 08d2063b1ec64484ca8119e927677fbc,
        type: 3}
      propertyPath: m_Name
      value: Mod_Land_A Variant (3)
      objectReference: {fileID: 0}
    m_RemovedComponents: []
  m_SourcePrefab: {fileID: 100100000, guid: 08d2063b1ec64484ca8119e927677fbc, type: 3}
--- !u!4 &7369738573302179867 stripped
Transform:
  m_CorrespondingSourceObject: {fileID: 134216488595578404, guid: 08d2063b1ec64484ca8119e927677fbc,
    type: 3}
  m_PrefabInstance: {fileID: 7465357401816233535}
  m_PrefabAsset: {fileID: 0}
